3344 5124
682 354 843 418 ..39-

203 527 275 605 que
303 500 530 604 angulorum
559 497 794 579 differentiae.
824 497 866 575 ln
894 498 1015 602 prima
1047 522 1160 576 causa
1183 497 1266 576 haec
1285 497 1335 576 sa·

202 628 325 708 cultas
343 653 420 707 non
439 625 564 705 differt
586 629 632 704 ab
652 632 765 718 actu,
793 649 877 728 quae
896 683 905 720 ,
933 621 973 703 dr
992 624 1032 702 in
1051 649 1127 727 que
1154 624 1334 729 quidquid

207 781 289 833 esse
309 760 445 858 potest,
466 761 534 833 est.
555 752 864 855 Quandoquidem
888 777 970 830 esse
994 748 1034 830 dr
1053 777 1162 856 posse
1181 752 1333 831 idemti-

204 884 371 961 ficentur
389 883 428 960 in
444 908 500 960 ea.
521 882 682 983 Ideoque
701 882 738 959 in
760 880 841 983 ipso
859 881 894 958 D
909 880 1068 958 infinitae
1087 880 1209 972 simul;
1232 876 1272 958 dr
1290 905 1332 958 v·

208 1035 298 1089 num
321 1016 411 1088 sunt
438 993 665 1112 angulorum
694 1009 928 1088 differentiae.
956 1010 996 1087 In
1021 1016 1165 1087 mutere
1189 1009 1330 1087 caelesti

203 1137 318 1215 estin
337 1137 505 1241 potentia
526 1136 662 1214 actiua:
682 1137 781 1214 sicut
799 1139 836 1214 in
863 1160 975 1213 manu
995 1160 1079 1238 quae
1099 1141 1223 1238 potest
1242 1161 1325 1215 mo·

204 1287 293 1340 uere
313 1261 350 1339 in
371 1268 552 1364 punctum
572 1263 629 1355 ll,
664 1261 721 1355 F,
742 1261 803 1356 G,
824 1258 864 1339 dr
892 1260 985 1338 alios
1005 1261 1235 1339 innumeros:
1256 1284 1330 1340 non

203 1398 330 1469 temen
350 1391 480 1468 mouit.
495 1392 538 1469 In
558 1390 654 1469 coelo
673 1391 772 1469 sicut
786 1388 825 1467 in
845 1388 964 1467 mixto
979 1413 1028 1465 ex
1042 1389 1169 1466 actiuo
1189 1384 1229 1469 dr
1248 1413 1330 1491 pas·

202 1516 306 1611 siun,
333 1518 433 1595 sicut
462 1516 500 1593 in
530 1517 629 1594 linea
655 1515 720 1594 OD
745 1539 829 1620 quae
853 1518 975 1617 potest
1002 1514 1146 1592 moueri
1175 1513 1223 1591 ed
1256 1510 1334 1590 effi·

202 1644 376 1722 ciendum
396 1644 579 1748 angulum
611 1646 713 1723 huuc
741 1641 782 1723 dr
810 1643 941 1722 illum:
960 1645 1168 1723 secundum
1192 1643 1333 1749 qnippe¹

201 1774 340 1852 multas
357 1776 522 1854 rationes
539 1776 677 1855 coelum
693 1775 915 1877 intelligitur
934 1800 957 1851 a
983 1771 1247 1876 Peripateticis
1266 1770 1331 1849 ha·

201 1901 290 1980 bere
309 1906 435 1979 actum
456 1904 633 2006 potentiae
652 1905 698 1982 ad
718 1905 892 1982 mixtum.
909 1901 954 1979 In
970 1901 1169 1979 mobilibus
1197 1923 1326 1979 conse·

202 2029 402 2128 quentibus
421 2036 533 2133 utque
553 2035 736 2126 materia,
756 2035 813 2111 est
841 2036 880 2110 in
900 2030 1068 2134 potentia
1087 2029 1253 2132 passim,
1273 2027 1329 2105 si·

202 2156 379 2257 gnificata
397 2183 463 2260 per
480 2159 527 2250 D,
539 2161 637 2263 quod
652 2159 947 2239 innumerabiles
966 2157 1195 2237 differentias
1215 2155 1330 2250 acuti,

202 2279 241 2358 <t
261 2284 384 2361 obtusi
405 2309 471 2387 per
490 2287 641 2364 modum
663 2286 808 2365 essendi
828 2287 867 2363 in
882 2286 1055 2380 materia,
1077 2282 1117 2363 <lu
1132 2282 1332 2374 efficiente,

205 2401 244 2480 dr
264 2406 416 2482 modum
438 2408 729 2510 participantem
748 2411 794 2487 de
812 2414 924 2502 actu,
942 2409 1061 2512 deque
1092 2407 1261 2510 potentia
1288 2410 1333 2482 vt

202 2536 320 2632 petet.
341 2534 423 2610 Hoc
443 2537 542 2636 quod
570 2535 734 2614 diximus
763 2537 808 2613 de
837 2533 1057 2614 differentiis
1077 2532 1331 2637 angulorum:

202 2656 346 2735 referas
366 2660 412 2736 ad
431 2661 643 2762 specierum
662 2661 904 2757 differentias,
933 2687 1017 2765 quae
1045 2662 1222 2740 dicuntur
1249 2682 1333 2736 esse

200 2787 300 2863 sicut
316 2788 477 2866 numeri.
493 2789 603 2868 Vnde
618 2792 657 2869 in
673 2791 845 2869 omnibus
860 2787 900 2868 dr
914 2816 982 2892 per
1001 2792 1126 2870 omniu
1155 2786 1332 2894 quaelibet

204 2937 312 3016 posse
331 2914 488 3019 figurari
509 2919 750 2998 menifestum
770 2922 839 2996 est.
