3344 5124
863 396 1044 462 -104-

385 541 537 624 unicum
552 543 742 623 adiectum
757 542 910 621 vnicum
921 546 1069 621 tentum
1083 542 1144 649 (vt
1157 542 1197 622 in
1212 542 1402 649 pluribus)
1419 569 1524 625 com·

383 671 539 751 mittere
557 671 695 751 licebat
709 673 953 765 elementum,
969 672 1107 776 quippe
1122 696 1208 751 cum
1225 671 1521 752 innumerabiles

384 798 596 878 habeantur
616 799 937 879 combinationum
952 795 1321 901 &compositionum
1337 799 1519 880 differen-

383 931 459 1009 tiae.
479 929 562 1017 Qua
580 929 627 1008 de
647 955 687 1008 re
706 929 769 1034 qui
789 929 933 1033 primus
951 935 1111 1032 apparet
1128 929 1227 1008 hanc
1245 936 1368 1008 artem
1388 935 1519 1008 trans·

383 1059 514 1138 tulisse
532 1059 557 1137 ai
575 1057 722 1137 Graecis
741 1059 789 1136 ad
815 1058 991 1137 Latinos:
1010 1056 1156 1134 deridet
1173 1054 1397 1136 Graecorum
1417 1082 1516 1161 quo·

384 1188 543 1265 rundam
563 1186 732 1266 studium
748 1187 949 1265 verborum
969 1183 1155 1286 imagines
1182 1183 1422 1263 conscribere
1442 1209 1514 1263 vo·

381 1313 553 1407 lentium,
573 1319 688 1419 etque
708 1314 762 1393 ita
780 1339 844 1392 eas
863 1313 935 1392 sibi
955 1336 1103 1417 parare,
1123 1317 1166 1389 vt
1184 1336 1271 1389 oum
1290 1320 1517 1416 opportunae

380 1439 522 1521 fuerint
540 1441 578 1520 in
600 1441 825 1545 inquirendo
844 1447 994 1544 tempus
1021 1464 1097 1517 non
1117 1443 1377 1518 consumetur.
1396 1438 1517 1518 Vide·

379 1569 459 1647 bat.
479 1594 517 1647 n.
539 1571 743 1648 verborum
771 1568 957 1646 infinitam
986 1591 1068 1645 esse
1095 1565 1389 1659 multitudinem,
1418 1565 1517 1646 ideo·

379 1718 452 1798 que
473 1695 675 1773 ridiculum
703 1719 787 1773 esse
813 1693 917 1773 illam
947 1693 1119 1797 persequi
1141 1692 1251 1772 velle.
1271 1693 1388 1797 Atqui
1407 1692 1517 1771 nobis

380 1843 457 1899 non
477 1821 601 1901 solum
620 1819 800 1925 possibile
827 1819 891 1899 sed
912 1816 1081 1899 &facile
1101 1823 1339 1923 compertum
1358 1821 1416 1895 est
1433 1842 1516 1920 pos·

370 1973 419 2055 se
439 1957 642 2054 apparatas
663 1949 796 2028 haberi
816 1950 1017 2052 imagines,
1033 1948 1170 2053 quibus
1185 1948 1348 2053 singulis
1362 1947 1516 2052 quibus·

377 2102 451 2180 que
470 2076 562 2156 locis
581 2078 854 2180 cuiuscumque
874 2077 1025 2181 generis
1050 2076 1233 2156 terminos
1262 2075 1433 2178 integros
1452 2100 1516 2178 ap·

376 2230 528 2306 ponam,
547 2205 660 2309 idque
681 2205 854 2310 pluribus
873 2206 1006 2300 modis,
1026 2207 1122 2285 utin
1140 2204 1314 2310 pluribus
1334 2202 1513 2281 tractati·

375 2332 447 2412 bus
467 2335 514 2413 ad
533 2334 706 2414 diuersas
725 2335 912 2413 ordinatis
940 2334 1169 2412 intentiones
1199 2332 1512 2410 manifestemus:

375 2460 417 2539 ln
436 2463 717 2564 presentiarum
746 2487 838 2541 vero
866 2487 934 2566 per
962 2461 1066 2541 hunc
1093 2460 1154 2565 qui
1175 2460 1348 2564 sequitur
1367 2483 1511 2563 propo-

374 2592 490 2666 natur
510 2591 675 2670 modum.
