3344 5124
685 357 845 420 ..19-

194 504 457 610 ,losophorum
478 500 610 581 studiis
630 501 784 594 utimur,
804 505 990 604 quatenus
1006 500 1138 579 melius
1158 503 1333 605 proposi-

201 640 285 715 tum
312 631 545 711 inuentionis
573 635 713 708 nosoae
742 629 988 708 insinuemus.
1021 632 1128 708 Vnde
1156 632 1250 710 nihil
1277 638 1335 709 est

204 763 302 866 quod
331 760 445 837 faeiat
459 759 661 863 quominus
676 760 786 863 periti
806 761 843 837 in
865 761 947 838 istis
968 761 1253 865 philosophandi
1274 787 1336 863 ge·

204 890 357 969 neribus
376 912 444 992 per
463 913 503 966 se
522 887 622 990 ipsos
641 886 752 964 facile
770 885 988 993 (dummodo
1008 888 1177 965 animum
1197 888 1336 965 aduer-

205 1015 305 1122 tant)
333 1016 454 1110 hanc,
475 1012 515 1093 8r
535 1014 628 1092 alias
647 1018 748 1093 artes
768 1021 919 1093 nostras
938 1015 1150 1119 intelligere
1170 1015 1334 1094 valeant.

261 1147 393 1222 Artem
412 1143 525 1221 istam
552 1144 622 1222 sub
651 1143 789 1247 duplici
809 1143 931 1222 forma
959 1148 1193 1241 tractamus,
1223 1153 1339 1249 atque

210 1274 285 1352 via:
305 1296 466 1375 quarum
484 1271 607 1349 altera
624 1277 682 1348 est
700 1272 813 1350 altior
832 1269 872 1350 8r
892 1272 1079 1376 generalis
1093 1279 1176 1353 tum
1195 1276 1241 1354 ad
1262 1299 1338 1352 om·

209 1427 278 1481 nes
299 1401 417 1478 animi
437 1400 678 1502 operationes
693 1400 932 1490 ordinandas,
960 1406 1043 1479 tum
1063 1405 1176 1480 etiam
1195 1407 1253 1481 est
1271 1429 1339 1480 ca-

211 1533 280 1634 put
301 1527 505 1605 multarum
526 1526 801 1621 methodorum,
822 1527 957 1630 quibus
978 1534 1158 1632 tanquam
1179 1529 1339 1607 diuersis

211 1656 367 1759 organis
397 1654 601 1732 artificiosa
630 1659 756 1759 potest
786 1656 993 1758 pertentari
1016 1653 1235 1734 &inueniri
1257 1682 1339 1732 me-

214 1785 346 1863 moria:
368 1784 418 1860 Et
437 1782 610 1860 consistit
628 1783 711 1885 ipsa
730 1783 850 1886 primo
870 1783 909 1860 in
938 1782 1096 1885 triginta
1117 1781 1340 1860 intentioni·

213 1914 283 1990 bus
306 1911 537 1989 umbrarum.
558 1910 730 1987 Secundo
751 1908 789 1986 in
808 1910 966 2012 triginta
986 1910 1229 2015 conceptibus
1248 1909 1343 1986 idea·

217 2065 313 2117 rum.
343 2039 472 2115 Tertio
500 2039 539 2115 in
563 2037 734 2140 pluribus
761 2038 1117 2140 complexionibus,
1147 2064 1230 2142 quae
1260 2040 1342 2116 fieri

216 2176 373 2272 possunt
392 2194 439 2245 ex
454 2169 724 2247 intentionibus
741 2166 779 2247 <b
796 2169 1037 2269 conceptibus
1052 2193 1119 2269 per
1140 2168 1343 2244 industrio·

215 2321 297 2375 sam
317 2296 595 2398 adaptationem
615 2297 887 2374 elementorum
902 2296 1038 2399 primae
1062 2303 1158 2372 rotae
1187 2296 1232 2372 ad
1263 2294 1343 2373 ele·

217 2426 342 2499 menta
361 2423 546 2500 secundae.
568 2423 698 2501 Altera
717 2446 800 2527 qnae
820 2424 1014 2524 seqnitur,
1036 2426 1094 2498 est
1116 2421 1345 2498 contractior

216 2549 418 2626 adrentum
432 2548 623 2628 memoriae
632 2574 699 2653 per
713 2550 918 2629 artificium
929 2547 1200 2653 comparandae
1210 2574 1342 2652 genus.
