3344 5124
726 999 907 1078 Bomsm.

452 1258 644 1338 TERTIA
672 1255 810 1337 PARS
838 1256 1090 1338 THEORIAE
1118 1257 1187 1337 DE

572 1521 733 1576 annona
752 1518 987 1575 nurnerouvu
1006 1520 1073 1573 sav

719 1735 765 1815 de
786 1735 929 1814 formis.

421 2348 444 2392 Ἰ
736 2332 850 2412 ΟΑΡ.
871 2332 899 2408 Ι.

529 2613 620 2684 Quid
641 2612 688 2676 sit
709 2609 889 2695 fornum&
911 2609 1112 2693 quotuplex.

316 2876 492 2949 ‹Forrna
511 2895 658 2973 quoque
678 2868 718 2944 in
737 2868 929 2969 proposito
955 2893 1029 2944 non
1050 2869 1211 2947 sumitur
1239 2897 1394 2951 secun-

264 3036 282 3074 «
302 3003 390 3078 dum
408 2999 654 3077 intentionem
664 2996 980 3098 Methaphisicam
993 2996 1227 3075 Platonicam
1244 3004 1396 3102 utpote

267 3160 284 3201 c
305 3155 371 3229 pro
388 3130 482 3206 idea.
495 3125 789 3204 Necsecundum
805 3125 1052 3202 intentionem
1068 3125 1397 3228 Methaphisicarn

266 3286 283 3328 «ι
304 3255 611 3357 peripateticam,
632 3259 674 3331 vt
693 3254 780 3355 pote
800 3278 867 3354 pro
887 3254 1060 3330 essentia.
1080 3252 1160 3331 Nec
1179 3255 1392 3334 secundum

265 3416 282 3456 c
303 3386 485 3460 rationem
505 3381 724 3485 physicam,
744 3387 786 3456 vt
800 3380 886 3481 pote'
906 3406 974 3481 pro
996 3381 1117 3457 forma
1144 3381 1390 3460 substantiali
1457 3435 1460 3439 —

266 3544 283 3583 a
304 3510 362 3587 vel
382 3510 601 3587 accidentali
622 3508 851 3586 informante
871 3509 1067 3586 materiam
1082 3509 1142 3588 vel
1157 3510 1387 3594 subiectum.

268 3639 383 3715 «Neo
403 3637 608 3714 secundum
632 3634 880 3712 intentionem
909 3636 1119 3714 technicam
1147 3643 1277 3740 vtpote
1295 3640 1389 3716 arti·

270 3764 468 3841 ‹ficialem
496 3763 660 3841 additam
688 3761 800 3838 rebus
831 3760 998 3864 physicis
1026 3770 1115 3842 actu
1139 3763 1393 3844 existentibus

272 3923 287 3966 κ
307 3919 400 3995 quas
416 3892 604 3995 supponit.
620 3890 692 3967 Sed
708 3890 914 3966 secundum
929 3891 1115 3968 rationem
1133 3891 1296 3993 logicam
1318 3918 1398 3973 non

273 4051 286 4090 ⁴.
308 4019 459 4122 quidem
479 4015 716 4107 rationalem,
730 4015 795 4091 sed
812 4015 1091 4116 phantasticam
1106 4017 1309 4120 (quatenus
1332 4045 1399 4097 no·

270 4182 287 4221 <
307 4172 392 4224 men
416 4146 557 4247 logices
577 4144 738 4245 amplius
757 4144 957 4247 accipitur)
974 4149 1257 4247 respondentem
1274 4146 1402 4227 inteu-

271 4307 290 4350 ‹
311 4275 403 4352 tioni
423 4272 593 4365 subiecti,
614 4274 710 4373 quod
731 4298 844 4372 supra
876 4273 1015 4372 pariter
1043 4275 1254 4366 diuidendo,
1276 4272 1318 4354 dc
1335 4279 1395 4355 ui·

273 4431 291 4475 ι
315 4399 539 4504 stinguendo
560 4399 606 4475 ah
626 4399 721 4489 aliis,
742 4398 998 4475 diiiiuiuirnus.
