3344 5124
675 400 856 478 ..1841-

536 720 796 811 lORDANVS
824 724 997 806 LIBRO.

332 995 469 1063 visuros
490 1015 621 1084 magam
645 996 756 1084 magni
777 993 852 1062 eolis
875 992 993 1069 filiam,

381 1105 440 1174 His
461 1105 638 1193 procedens
661 1107 679 1172 e
701 1103 854 1182 latebris,

377 1215 441 1285 Ibis
463 1216 612 1286 Oirolm
633 1215 714 1284 liber
735 1211 769 1282 in
791 1213 987 1303 hospicium,
1089 1236 1091 1241 ·

375 1325 471 1392 Haud
494 1328 592 1395 arctis
614 1327 712 1394 erotis
735 1311 858 1393 clusum
880 1320 1039 1390 terminis,

331 1435 482 1504 Balantes
504 1456 593 1515 oues,
615 1437 796 1523 mugientes
818 1432 851 1501 a
872 1431 987 1509 boues,

236 1635 238 1638 y
377 1545 556 1616 Crissantes
578 1547 746 1614 hoedorum
769 1547 879 1631 patres

380 1655 528 1736 Vieurus,
551 1655 692 1727 vnlnere’
716 1656 749 1726 de
771 1657 876 1743 campi
890 1674 1018 1744 peoora,

378 1766 579 1854 cunctasque
602 1766 706 1856 syluee
727 1764 855 1834 bestias.

197 1885 199 1890 ’
223 1929 225 1932 >
332 1878 499 1946 Concentu
520 1878 614 1946 vario
637 1876 793 1946 errabunt
814 1878 884 1944 caeli
907 1878 1074 1955 volucres,

381 1990 419 2057 In
441 1993 550 2068 terra,
574 1990 608 2056 in
630 1988 706 2059 vnd'
730 1990 765 2056 iu
781 2009 872 2059 aere.

376 2099 420 2166 Et
441 2103 475 2166 te
497 2098 659 2168 dimittent
680 2099 814 2167 illaesum
836 2101 939 2185 pisces
956 2098 1064 2176 marie,

379 2209 528 2278 Naturali
549 2210 684 2279 silentio.

333 2317 478 2386 Tandem
501 2323 634 2399 caueto,
657 2320 784 2407 quando
807 2319 937 2386 domum
959 2315 1133 2404 appuleris,

379 2429 575 2499 Inuenturus
597 2431 782 2500 domestica:

378 2538 525 2627 Namque
547 2544 624 2609 ante
643 2540 744 2620 iores,
767 2540 941 2628 aditumqu'
965 2538 1031 2608 ant’
1055 2539 1144 2615 atrii,

381 2649 544 2717 limosum
566 2672 601 2718 se
623 2656 822 2738 praesentans
1053 2688 1054 2691 ¹

336 2757 495 2826 Occurrat
515 2780 643 2845 porcus,
668 2763 719 2828 oui
741 2763 768 2828 si
791 2762 876 2828 forte
899 2760 1088 2828 adhaeseris:

380 2864 491 2945 Limo,
514 2868 678 2947 dentibus,
700 2868 848 2956 pedibus:

381 2976 550 3058 Mordebit,
573 2979 760 3067 inquinabit,
782 2979 965 3059 inculcabit,

383 3089 427 3156 lit
448 3091 603 3178 grunditu
625 3089 648 3158 t’
666 3091 830 3160 obtundet.

340 3199 422 3284 Ipsis
442 3200 476 3265 in
499 3199 632 3276 foribus,
654 3203 687 3267 in
711 3201 853 3289 adituqu'
865 3202 949 3279 atrii,

382 3308 515 3375 Monens
538 3330 640 3397 genus
663 3311 860 3380 latrantium:

382 3417 563 3486 Molestum·
578 3419 635 3489 fiet
657 3418 799 3489 baubatu
822 3420 1009 3508 multiplici,

384 3528 428 3595 Et
450 3530 597 3598 faucibus
620 3533 772 3600 terribile.

340 3637 412 3704 Hoc
434 3641 466 3705 ni
489 3640 635 3727 desipias,
658 3641 691 3710 du
713 3643 773 3708 nisi
795 3642 939 3729 desipiat,

384 3746 474 3814 Metu
491 3749 610 3828 dentis,
633 3749 664 3818 ἃ
688 3749 804 3830 baculi,

387 3857 433 3922 Te
456 3878 521 3924 non
544 3858 712 3937 mordebit,
735 3861 838 3946 ipsum
860 3881 925 3928 non
947 3860 1117 3947 percuties,

390 3968 525 4055 Perges,
549 3991 610 4037 nec
632 3975 665 4038 tc
687 3971 872 4057 praepediet.

354 4077 435 4152 Quae
459 4100 531 4145 cum
555 4082 662 4150 solerti
686 4084 828 4150 euaserie
848 4081 1014 4160 industria,

388 4189 548 4256 Interiora
570 4190 706 4259 subiens:

392 4297 523 4367 Solaria
546 4303 680 4369 volucer
702 4308 734 4370 te
756 4303 860 4391 gallus
883 4303 1029 4389 excipiet,

393 4409 476 4479 Solis
499 4416 700 4484 committens
718 4415 801 4484 filiae.
