3344 5124
452 963 721 1043 {ORDANI
758 966 957 1046 BRVNI
994 967 1234 1048 NOLANI

502 1180 591 1233 aas
617 1180 730 1234 ALIA
757 1179 933 1236 naevis
961 1182 1175 1237 cantion

568 1341 601 1408 tta
623 1344 824 1428 eapeditior
847 1346 894 1412 ad
915 1344 1104 1413 verborum

724 1523 945 1589 memoriam.

325 2151 536 2256 Suppositis
555 2153 599 2230 iis
619 2155 761 2256 quaein
780 2155 1054 2257 complemento
1075 2156 1395 2236 communiaartis

270 2280 317 2357 de
342 2281 489 2358 ratione
509 2279 676 2359 tonorum
697 2277 963 2384 &imaginum
984 2286 1074 2360 sunt
1093 2281 1219 2360 allata:
1238 2307 1341 2360 nunc
1359 2284 1399 2361 in

269 2407 483 2510 aliquorum
512 2407 673 2508 gratiam
702 2408 814 2485 aliam
835 2408 1075 2510 producimus
1095 2416 1229 2504 artem,
1248 2434 1333 2512 quae
1352 2411 1398 2487 ad

268 2543 439 2612 nostram
458 2533 609 2638 integra
628 2536 793 2639 pertinet
807 2536 1076 2615 inuentionam.
1094 2536 1215 2639 Ipsam
1232 2535 1396 2640 perfecte

268 2661 514 2764 subsequenti
540 2663 790 2746 ‚enunciamus
819 2664 1035 2767 aenigmate.

269 2917 335 2984 Bis
358 2919 522 2987 duodena
546 2919 661 2985 Iocum
684 2919 830 3005 capiant
851 2920 989 2986 seclusa
1013 2937 1176 2987 seorsum

364 3048 531 3134 Corpora,
554 3066 635 3133 quae
658 3054 830 3134 arautum
852 3049 1009 3133 finaerit
1031 3051 1204 3136 efficiens.

269 3181 432 3268 Spiritus
455 3182 644 3248 adstantes
668 3180 821 3248 habeant
843 3179 975 3248 d'itina
997 3182 1144 3267 sinauia
1167 3182 1306 3267 quinos.

362 3311 467 3386 Queis
488 3314 534 3378 sit
557 3309 816 3396 quintuptiaem
837 3327 1003 3395 proma-e
1022 3327 1124 3395 passe
1146 3286 1284 3377 sonum.
1361 3363 1363 3367 ‚

270 3443 417 3511 Proind'
430 3444 604 3511 elementa
627 3442 696 3509 duo
719 3441 807 3508 dent
827 3440 1058 3508 consistentia
1081 3441 1250 3526 quinque.

368 3569 474 3643 Queis
497 3570 611 3637 solers
634 3567 757 3645 medio,
781 3570 986 3653 questaque
1008 3567 1105 3635 eatae
1125 3567 1240 3636 dabis.

274 3701 365 3775 Quid
387 3702 447 3780 sit,
469 3703 556 3787 quid
577 3700 703 3786 faeiat,
728 3698 814 3783 quid
836 3695 948 3780 itabat,
972 3698 1063 3784 quid
1084 3697 1246 3783 suscipit,
1262 3695 1396 3781 &quiet

353 3833 489 3912 Adstet,
505 3835 713 3918 proponant
733 3832 850 3914 posita
873 3829 1030 3916 quinque
1055 3829 1128 3897 tibi.

265 3958 300 4025 Ii
321 3958 391 4026 sibi
408 3965 616 4046 perpetuam
639 3960 788 4043 firment
811 3958 849 4025 in
872 3977 1020 4045 corpore
1042 3960 1179 4026 sedem:

359 4090 452 4165 Quas
474 4092 688 4160 coniurata·
710 4109 782 4157 non
805 4096 913 4175 queat
931 4092 1069 4158 eiicere.

266 4222 406 4289 Interea
430 4225 554 4291 varias
572 4228 747 4309 poterunt
768 4240 897 4291 errare
911 4243 982 4310 per
1004 4242 1099 4292 aras.

354 4357 539 4442 Multaque
563 4360 754 4426 constantia
779 4356 941 4427 millibus
963 4378 1037 4427 esse
1061 4361 1155 4428 taais.
