3344 5124
709 394 893 456 -83-

227 559 358 639 meque
377 561 544 616 consono
558 538 607 614 sit
626 538 792 617 varietas
811 565 859 618 ex
878 541 1103 644 supradictis
1125 543 1275 621 desumi
1300 570 1372 645 po-

228 666 314 742 test.
337 663 446 743 Vnde
465 662 506 744 <tr
524 664 627 743 illud.

404 933 474 998 Per
498 937 598 998 tanto
621 933 750 1000 variar
774 938 908 1000 notzere
931 936 950 1000 c
973 934 1073 1002 betta.

228 1176 317 1258 licet
336 1177 486 1281 quidem
516 1179 647 1257 eedem
667 1180 814 1258 adiecta
842 1180 1002 1257 diuersis
1020 1204 1210 1283 apponere
1232 1179 1364 1257 subie-

229 1303 312 1380 ctis:
328 1304 393 1380 sed
409 1304 445 1381 id
464 1304 504 1382 in
525 1307 714 1407 sepositis.
731 1314 844 1409 atque
863 1311 948 1408 post
967 1306 1129 1409 plurium
1149 1305 1355 1408 interposi-

224 1429 366 1508 tionem
385 1430 625 1526 distantibus,
645 1434 793 1510 actibus
819 1432 1000 1535 implicita
1017 1430 1285 1516 differentibus.
1318 1428 1359 1509 <t

225 1556 434 1635 secundnm
455 1557 625 1635 diuersas
645 1559 910 1637 habitudinum
930 1559 1073 1662 species
1093 1584 1133 1636 sc
1148 1557 1340 1636 habentia.

759 1826 827 1904 XI.

278 2084 374 2162 Illud
403 2087 518 2165 etiam
539 2087 686 2164 adiecta
704 2087 866 2164 retinent
885 2112 970 2164 enm
994 2087 1171 2164 subiectis
1193 2111 1359 2164 commu·

224 2239 284 2306 ne,
303 2213 407 2319 (oum
428 2216 643 2305 conueniat,
664 2214 995 2316 necessariumque
1023 2216 1074 2292 sit
1101 2240 1145 2292 ea
1173 2216 1355 2293 subiecto·

224 2365 308 2418 rum
337 2342 618 2420 distinctionem
647 2343 825 2443 consequi
855 2352 896 2416 vt
925 2341 1006 2443 ipsa
1034 2366 1117 2442 qum
1150 2342 1199 2418 ad
1238 2366 1354 2419 vnum

221 2472 411 2571 pertinent
429 2471 654 2565 subiectum,
670 2495 743 2547 non
764 2471 1067 2573 complectantur
1085 2470 1149 2547 illa
1168 2496 1254 2573 qum
1274 2496 1353 2574 per·

223 2599 346 2676 tinent
373 2598 419 2674 ad
447 2599 630 2694 alterum3
660 2600 723 2676 sed
753 2622 904 2677 omnem
932 2598 1240 2695 continuitatem,
1270 2624 1355 2677 con·

222 2728 435 2821 nexionem,
464 2729 791 2830 constipationem,
812 2724 851 2805 ct
879 2727 1167 2806 admixtionem
1191 2729 1353 2831 fugiant.

222 2854 319 2928 Drrm
341 2855 476 2957 quippe
496 2856 730 2932 diuersorum
753 2856 1004 2932 subiectorum
1021 2856 1167 2934 adiecto
1189 2856 1286 2934 vltro
1305 2858 1356 2934 ci·

221 2987 355 3082 troque
375 2985 541 3058 actiones
562 2983 816 3074 admitterent,
836 2989 948 3083 atque
963 2989 1109 3061 motus:
1131 2985 1236 3086 quasi
1255 2985 1353 3062 inter

221 3134 262 3184 se
282 3131 416 3185 rnonus
435 3108 688 3202 conserentis,
707 3108 864 3211 aliisque
884 3116 1069 3212 occupato
1088 3112 1255 3213 negociis
1275 3112 1353 3189 sru-

221 3237 367 3313 strand
388 3242 494 3314 tuum
515 3238 691 3314 euocatis
711 3237 943 3340 obsequium.
