3344 5124
376 882 475 962 Hinc
493 880 723 962 affectiuitas
743 882 930 984 dependet
949 884 1218 978 subiectorum,
1239 882 1461 961 affectiuita·

324 1014 401 1088 tem
422 1010 573 1116 appello
592 1010 780 1090 afficiendi
801 1010 966 1088 actiuam
982 1010 1214 1107 facultatem,
1231 1036 1316 1089 cum
1332 1011 1460 1114 aliqua

328 1135 515 1216 alliciente
534 1137 593 1216 val
614 1144 776 1240 urgente
796 1138 996 1231 varietate,
1024 1137 1083 1215 vel
1103 1139 1150 1215 ab
1170 1138 1374 1217 intrinseca
1394 1165 1459 1217 na·

327 1272 415 1344 tura
436 1266 628 1361 dotantur,
643 1266 703 1344 vel
720 1267 766 1343 ab
786 1267 867 1369 ipsa
881 1266 1139 1370 insigniuntur
1153 1266 1349 1371 positione.
1369 1269 1460 1346 lndc

327 1393 549 1497 quibusdam
578 1392 794 1473 consultum
823 1397 881 1470 est
907 1393 1178 1497 principalibus
1199 1395 1377 1473 subiectis
1397 1419 1459 1500 ap·

328 1521 494 1625 posititia
514 1523 686 1626 quaedam
715 1522 853 1600 addere
880 1521 1069 1618 subiecta;
1105 1528 1146 1601 vt
1174 1522 1457 1602 affectiuitatem

326 1675 439 1754 quam
458 1651 481 1728 a
499 1676 539 1727 so
558 1652 648 1754 ipsis
668 1675 743 1733 non
762 1651 922 1729 habent:
952 1652 1097 1754 possint
1124 1657 1279 1755 propter
1297 1653 1456 1731 aliorum

327 1775 432 1880 quasi
453 1777 522 1855 sibi
541 1778 741 1857 insitorum
754 1779 1053 1858 additamentum
1070 1779 1280 1858 admittere.
1297 1781 1395 1867 Quin
1415 1807 1457 1858 e·

326 1905 435 1986 niml
455 1913 595 2010 quanto
614 1907 736 2012 magis
755 1909 795 1985 in
814 1905 1061 1987 affectiuitate
1080 1908 1328 1986 intenduntur
1346 1913 1460 2011 atque

326 2032 586 2145 remittuntur,
607 2039 712 2114 tanto
733 2034 940 2114 virtuosius
968 2039 1036 2112 aut
1058 2034 1197 2112 lentius
1217 2031 1459 2113 effectibilem

327 2162 450 2265 ipsam
479 2186 719 2242 commouere
741 2172 900 2267 possunt
921 2165 1173 2266 phantasiam,
1194 2165 1460 2266 memoriaeque

327 2291 452 2369 subire
480 2292 607 2382 aulam
626 2298 740 2397 atque
760 2303 942 2396 repetere.
972 2295 1071 2372 Hinc
1091 2295 1275 2385 calcaria,
1296 2295 1386 2372 hinc
1405 2318 1462 2371 sa·

327 2421 394 2516 les,
414 2422 504 2501 hino
525 2423 656 2518 aculei3
678 2425 766 2501 hino
786 2426 1037 2517 condimenta,
1053 2425 1143 2501 hinc
1158 2424 1261 2501 obliti
1278 2424 1365 2501 dum
1383 2426 1462 2503 ten·

331 2557 412 2627 tant
426 2550 634 2643 reminisso‚
651 2558 840 2654 repetunt,
858 2551 1120 2655 recapitulant,
1137 2554 1336 2629 resumunt
1352 2550 1459 2653 quasi

330 2678 536 2782 peripsam
558 2678 829 2773 diuersitatem‚
850 2704 916 2782 per
934 2680 1034 2781 ipsas
1057 2677 1170 2767 vicos,
1191 2676 1251 2753 vol
1266 2687 1309 2753 vt
1324 2677 1458 2754 melius

331 2808 552 2909 exprimam,
573 2831 638 2909 per
657 2805 777 2909 ipsam
797 2807 834 2883 in
856 2806 1001 2883 vicibus
1023 2806 1282 2884 diuersitatem
1311 2812 1463 2910 sperent

332 2937 457 3014 accire
475 2937 649 3041 spiritum
683 2937 887 3014 memorien.
909 2937 1017 3023 Quod
1046 2938 1141 3012 bene
1161 2934 1340 3012 facillimo
1364 2934 1462 3012 cadit

331 3064 377 3140 iis
396 3063 459 3167 qui
479 3062 634 3141 minime
655 3063 781 3139 animo
802 3062 944 3139 turbati
966 3061 1002 3137 id
1023 3060 1176 3137 faciunt:
1194 3060 1331 3161 alioqui
1353 3063 1462 3135 tinto

329 3194 368 3269 in
386 3193 568 3269 maiorem
591 3193 800 3268 tenduntur
823 3191 1094 3284 confusionem3
1128 3196 1268 3294 quanto
1288 3187 1455 3265 turbatio

330 3320 396 3399 illa
417 3320 540 3422 magis
566 3327 678 3424 atque
708 3319 829 3422 magis
863 3318 1072 3399 incalescit.
1104 3319 1254 3405 Quanta
1284 3341 1376 3393 vcro
1409 3315 1458 3393 sit

331 3445 534 3527 affectuum
555 3450 591 3526 in
612 3475 751 3553 genere
772 3449 908 3542 virtus,
938 3445 1184 3551 &quomodo
1217 3446 1292 3523 sint
1320 3468 1461 3547 prouo-

332 3578 473 3669 candi,
493 3577 703 3672 seruandi,
735 3574 773 3655 dr
793 3574 963 3652 variandi
985 3633 994 3668 ‚
1023 3599 1100 3652 non
1120 3598 1251 3675 parum
1271 3575 1402 3675 aparte
1421 3570 1460 3647 in

332 3705 428 3785 libro
448 3704 576 3786 Clauis
596 3730 746 3809 magnae
765 3704 992 3783 insinuatur.
