3344 5124
736 399 916 460 ..229-

320 556 416 634 Bon.
437 552 517 630 Iam
538 548 872 652 incomparabilem
890 548 1007 626 habes
1029 546 1310 641 inuentionem‚
1333 572 1397 625 eu·

268 680 326 756 ins
341 705 387 757 ne
411 677 613 778 vestigium
628 676 775 780 quidem
799 675 985 779 prioribus
1005 675 1216 754 coniectare
1240 675 1326 754 lieet
1339 700 1396 753 ar·

264 808 376 884 tibus.
959 808 964 815 '

320 935 415 1011 Ana.
443 932 527 1019 Qua
553 933 599 1011 de
629 931 698 1009 ret

323 1063 419 1140 Bon.
449 1060 504 1137 De
533 1058 768 1138 ordinatione
795 1057 1241 1135 semimathematieorum
1268 1057 1395 1134 subie-

279 1191 442 1266 etorum.

320 1320 414 1394 Ana.
445 1313 605 1392 Audiam
634 1312 843 1391 nouitatem
867 1314 1120 1391 subiectorum
1145 1314 1393 1394 semimathe·

268 1447 504 1524 matieorum.

366 2226 417 2291 De
440 2229 579 2290 ratione
603 2222 843 2291 subiectorum
865 2225 1299 2293 semimattematieorum.

330 2453 545 2533 «Subiecta
563 2456 657 2559 pure
686 2454 949 2533 mathematica
976 2478 1044 2532 vsu
1063 2453 1193 2531 venire
1221 2479 1295 2532 non
1318 2478 1399 2557 pos·

277 2612 295 2653 ι
314 2584 414 2671 sunt,
434 2579 735 2683 quandoquidem
754 2579 948 2656 abstracta
966 2587 1056 2656 sunt
1081 2574 1121 2655 8ι
1140 2601 1209 2654 sua
1236 2578 1402 2655 abstrae-

279 2736 296 2779 <
317 2707 417 2784 tione
446 2708 684 2810 phantasiam
709 2706 861 2809 pulsare
881 2705 938 2782 vel
960 2728 1114 2783 mouere
1133 2728 1209 2783 non
1229 2714 1399 2809 possunt,

277 2864 295 2909 ‹
314 2836 613 2939 quandoquidem
632 2835 835 2914 abstractio
855 2831 1018 2937 pertinet
1033 2833 1079 2909 ad
1100 2832 1331 2936 superiorem
1348 2831 1366 2908 s
1385 2877 1399 2890 ·

279 2962 509 3057 «cultatem,
539 2987 651 3067 quam
679 2963 729 3042 sit
747 2962 830 3066 ipsa
856 2962 1066 3066 phantasia.

787 3231 813 3329 s
840 3227 887 3305 11.

332 3486 466 3566 «Illud
495 3512 586 3590 ergo
614 3487 712 3592 quod
742 3486 869 3564 vatent
895 3490 1076 3589 praestare
1107 3483 1398 3563 Mathematiea·

279 3614 367 3692 ‹lia
393 3617 600 3693 seeundum
628 3639 681 3708 se,
709 3618 767 3692 est
793 3613 884 3691 ordo
912 3611 1026 3691 solus:
1047 3609 1087 3693 tir
1106 3611 1168 3690 hir
1187 3611 1226 3690 in
1253 3612 1398 3691 duobus

280 3770 299 3817 ι
318 3743 455 3846 inquiri
485 3748 609 3845 potest
628 3741 682 3847 (in
711 3764 872 3846 quorum
890 3745 1017 3819 tamen
1043 3764 1117 3819 vno
1141 3738 1300 3819 feliciter
1318 3766 1401 3820 suc·

280 3869 431 3975 ‹cedit)
445 3870 485 3948 in
504 3871 636 3975 figuris
655 3871 831 3949 videlieet
849 3867 890 3950 <ir
909 3870 1087 3950 numeris.
1103 3870 1145 3948 In
1165 3870 1298 3975 figuris
1318 3871 1398 3975 qui·
1518 3884 1527 3903 ⁹

279 4001 400 4076 ‹dem
428 4000 662 4101 procedendo
692 3999 715 4077 a
742 3997 934 4100 triangulo
962 3999 1010 4076 ad
1029 3997 1345 4101 quadrangulum:
1378 3998 1402 4075 t

281 4126 591 4230 «quadrangula
620 4127 667 4204 ad
696 4130 969 4230 pentagonum:
998 4126 1086 4204 hino
1105 4126 1152 4203 ad
1171 4148 1400 4229 exagonum:

280 4253 405 4330 «hinc
433 4254 480 4329 ad
508 4260 749 4356 eptagonum,
769 4249 809 4333 ἃ
829 4252 882 4329 ita
899 4252 1074 4356 deinceps
1094 4252 1132 4330 in
1161 4252 1398 4330 innumerum

282 4406 300 4452 ι
320 4405 387 4484 per
405 4379 536 4484 planas
554 4380 708 4482 figuras.
725 4378 907 4458 Similiter
925 4377 964 4457 in
982 4376 1109 4457 solidis
1123 4376 1266 4483 figuris,
1286 4377 1403 4455 teor·
