3344 5124
740 390 923 451 ..ωε-

267 533 421 613 homine
440 531 612 612 latebant
632 533 834 638 loquimur,
862 556 938 611 non
967 531 1013 609 de
1040 529 1255 610 hominibus
1283 534 1410 633 atque

266 665 337 743 diis
360 663 424 766 qui
443 663 564 739 solent
583 663 652 740 sub
671 661 807 765 aquilis
826 656 865 738 <X
886 659 1139 738 animantibus
1158 657 1243 735 aliis
1262 656 1409 733 latere.

521 913 525 921 ’
621 912 863 1002 QVAESTIO
890 914 1036 995 XXIX.

320 1171 478 1252 Mennis.
498 1171 618 1248 Auem
638 1167 741 1246 illam
762 1193 846 1270 qnae
862 1169 1027 1274 aquilam
1043 1170 1190 1249 videtur
1205 1195 1410 1279 oppugna·

266 1327 319 1391 re,
338 1325 413 1379 non
432 1320 630 1402 cognosce.
1243 1400 1246 1405 Ι

319 1428 447 1507 Cincm
477 1423 690 1530 Cybindum
718 1425 921 1527 appellant.
955 1426 1093 1531 Aquila
1127 1424 1167 1507 8e
1196 1427 1406 1531 Cybindus

267 1555 439 1635 latebant
457 1555 527 1632 sub
546 1552 670 1656 specie
688 1552 911 1657 principum,
931 1556 995 1657 qni
1024 1557 1111 1634 crim
1131 1555 1290 1634 intense
1310 1582 1406 1634 con·

263 1693 449 1779 sererent,
469 1685 493 1762 a
511 1683 624 1761 tertio
643 1682 856 1761 inuadente-
870 1684 1197 1762 subuertebantur:
1224 1691 1267 1761 vt
1287 1686 1409 1763 modo

266 1817 314 1894 ad
333 1839 452 1917 usque
471 1811 663 1889 cohaerent
691 1812 882 1912 unguibus
910 1808 951 1890 <la
979 1817 1102 1890 rostro
1122 1838 1163 1890 se
1180 1811 1404 1892 dilaceran-

270 1946 340 2018 tes:
359 1947 400 2017 vt
418 1940 463 2015 ad
484 1935 663 2014 inferiora
681 1941 795 2015 terrae
810 1941 943 2016 mutuo
962 1936 1140 2016 conflictu
1154 1937 1336 2040 depressi,
1356 1939 1409 2016 ab

265 2067 350 2146 aliis
368 2064 633 2167 corripiantur.

635 2320 877 2408 QVAESTIO
905 2324 1031 2404 XXX.

321 2586 481 2665 Monms.
502 2585 561 2688 Dij
583 2584 716 2687 optimi
744 2607 940 2688 nunquam
968 2584 1062 2662 adet
1092 2609 1269 2688 magnam
1296 2588 1407 2665 auim

269 2718 409 2797 vidisse
430 2714 595 2793 memini.

323 2843 453 2924 Cluen.
473 2842 540 2919 llla
559 2845 617 2919 est
635 2841 771 2918 strutio
791 2839 957 2918 camelus
982 2840 1112 2918 auium
1136 2841 1314 2936 maxima,
1346 2849 1406 2921 at·

269 2996 340 3075 que
359 2968 622 3048 stolidissima:
644 2992 728 3071 quae
747 2992 834 3045 cum
852 2967 989 3047 frutice
1016 2969 1154 3047 collum
1182 2969 1403 3054 occultarit.

268 3097 386 3177 latere
405 3123 446 3175 se
464 3097 666 3176 existimat.
687 3096 799 3175 Tales
813 3104 903 3176 sunt
918 3093 958 3176 e
977 3097 1161 3200 phasiani,
1182 3098 1276 3175 tales
1307 3105 1407 3177 sunt

269 3219 309 3301 aa
327 3221 501 3323 mugiles,
531 3223 570 3297 in
597 3222 716 3324 aquis.
747 3221 865 3323 Ipsam
895 3220 1064 3323 aspicere
1093 3223 1278 3324 potuisses
1306 3225 1402 3300 crim

269 3350 384 3428 homo
414 3349 560 3452 ingenti
580 3374 736 3451 corpore
756 3361 914 3427 onustus
934 3358 1048 3452 alque
1067 3350 1180 3443 mole,
1201 3350 1407 3430 minimum

270 3479 412 3559 habens
433 3477 558 3581 iudicij
581 3479 891 3579 praesentabatur.

633 3734 873 3820 QVAESTIO
901 3735 1046 3815 XXXI.

323 3994 484 4072 Mennis.
513 3990 704 4096 Siquidem
746 3999 872 4075 multis
911 3999 1122 4078 volatilium
1160 4025 1405 4080 communem

269 4147 352 4200 esse
368 4128 518 4200 constat
534 4125 779 4226 rapacitatem
795 4121 834 4203 8a
850 4128 1218 4221 carniuoracitatem,
1234 4129 1405 4230 qutnam

269 4247 379 4328 Circe
399 4250 569 4327 vultures
587 4251 635 4354 (si
656 4250 825 4329 vultures
845 4260 936 4331 sunt
955 4280 1049 4356 quos
1071 4255 1200 4348 viden,
1219 4255 1266 4333 ob
1295 4255 1404 4357 ipsas

271 4378 370 4453 enim
389 4400 474 4482 quae
492 4402 747 4481 superuenere
767 4384 942 4460 tenebras
962 4408 1038 4461 non
1053 4385 1148 4463 bene
1163 4408 1319 4488 possum
1334 4411 1405 4467 eas
