3344 5124
715 393 875 460 ⁶97·-

227 540 266 619 in
288 565 401 620 vnam
419 541 601 645 speciem,
624 547 692 620 aut
719 541 758 619 in
786 542 941 645 plures:
972 543 1003 620 si
1023 548 1224 621 conuertat
1241 534 1282 621 ἅ
1302 566 1365 621 re·

230 668 371 748 formet
388 668 427 748 in
442 694 570 762 vnam3
586 670 660 748 iam
681 693 758 748 non
774 669 849 748 erit
863 668 1071 749 multorum
1087 671 1283 760 memoria,
1298 669 1362 748 sed

232 797 371 875 vuius:
399 797 433 875 si
453 798 591 903 quippt
611 799 737 876 omnia
756 803 1032 877 conuertuntur
1058 799 1097 877 in
1119 821 1255 879 ouem:
1286 782 1361 875 i'am

223 922 335 1027 lupus
364 949 441 1003 non
456 925 724 1028 multiplioabit
737 924 1030 1005 comestibilium
1050 927 1213 1032 speciem
1231 930 1275 1003 vt
1286 925 1358 1004 diti

187 1045 189 1048 ’
221 1052 341 1156 possit
359 1058 500 1156 praeter
519 1077 638 1132 vnum
657 1052 850 1156 quippiam
870 1052 922 1130 illi
944 1079 1025 1132 esse
1044 1054 1286 1133 comestibile.
1315 1051 1355 1130 Si

220 1186 423 1260 conuertat
442 1181 697 1284 reformttque
725 1182 765 1259 in
785 1181 912 1285 plures
931 1182 1102 1284 species:
1127 1187 1195 1259 aut
1212 1181 1355 1275 finitas,

219 1314 287 1385 aut
306 1307 473 1385 infinitas
492 1307 526 1385 si
554 1307 707 1385 finitast
736 1311 804 1386 aut
822 1308 1092 1387 determinatas
1111 1305 1152 1387 8ι
1171 1308 1264 1386 istas
1284 1331 1352 1386 co-

218 1445 405 1539 gnoscere
433 1432 473 1514 81
502 1440 569 1514 aut
588 1427 845 1515 determinare
863 1441 1066 1543 opportet3
1095 1441 1164 1516 aut
1182 1437 1352 1515 indeter-

216 1564 395 1658 minatas,
416 1561 456 1643 ἃ
475 1565 532 1643 ita
548 1565 690 1644 erimus
717 1565 755 1644 in
776 1566 909 1645 eodem
937 1567 974 1646 in
999 1592 1073 1672 quo
1092 1590 1236 1647 sumus.
1255 1567 1351 1646 Infi-

216 1695 297 1771 nita
323 1718 417 1772 vero
445 1700 595 1771 tentare
622 1692 784 1772 stultum
818 1699 888 1772 est.
922 1693 1029 1773 Scire
1056 1695 1175 1798 igitur
1203 1698 1351 1798 oportet

215 1825 506 1902 conuersionem
523 1848 599 1902 non
618 1824 674 1902 ita
693 1824 855 1903 fiendam
876 1829 918 1902 vt
943 1822 1203 1902 substantialis
1228 1823 1349 1902 diuer-

214 1952 306 2030 sitas
326 1953 566 2046 destruatur;
588 1977 657 2032 nec
679 1958 720 2031 vt
738 1952 948 2032 accidentia
961 1952 1073 2029 vuius
1093 1954 1274 2054 cuiusque
1293 1951 1346 2029 rei

212 2080 367 2182 propria
382 2079 582 2158 tollantur:
598 2079 672 2158 Sed
691 2084 734 2157 vt
752 2080 902 2159 diuersa
923 2085 1036 2183 atque
1055 2079 1184 2157 omnia
1202 2081 1257 2156 ita
1270 2103 1346 2157 vna

211 2207 286 2286 illis
306 2208 487 2312 applicita
507 2209 735 2288 adueniente
749 2208 884 2303 forma,
904 2205 1121 2286 afficiantur
1135 2204 1244 2283 modo
1262 2229 1344 2321 aluo:

209 2344 252 2414 vt
272 2361 385 2438 vnam
416 2339 463 2415 ab
484 2363 572 2433 vn0‚
593 2336 633 2417 ἃ
661 2363 728 2441 per
752 2363 871 2417 vnum
901 2334 1155 2416 memorabilis
1184 2335 1346 2412 subeant

207 2463 415 2542 rationem:
434 2462 498 2541 Sic
514 2466 641 2543 omnia
658 2465 770 2568 lupus
789 2465 862 2542 iste
882 2462 1134 2566 ingurgitabit
1152 2464 1195 2538 vt
1213 2482 1342 2536 vnum:

207 2589 237 2666 si
256 2614 388 2669 omnes
405 2590 629 2668 substantiae
649 2588 689 2670 82
713 2616 797 2694 quae
826 2589 1030 2668 inmediate
1058 2587 1342 2690 consequuntur

205 2743 268 2798 eas
287 2724 399 2798 vuius
417 2718 569 2824 generis
596 2720 848 2798 accidentium
876 2719 1098 2796 indumenta
1123 2714 1314 2796 subibunt
