3344 5124
828 382 997 440 ..5⁴2-

331 523 1168 633 potesnltatunererumcsinosinnsbis
1193 522 1365 601 idearum
1387 544 1468 599 rm·

333 659 423 734 bras
440 654 682 747 edormaaee,
710 655 862 759 qnando
889 653 1005 728 talem
1023 653 1230 729 admittunt
1247 651 1466 731 facultatem

332 778 372 859 dr
392 781 802 858 contrectabiiitatem:
831 802 872 854 vt
900 778 978 853 sint
1005 778 1054 853 ad
1072 801 1203 853 omnes
1221 776 1467 854 formationes

334 910 548 1014 possibiles.
564 908 811 1014 adaptabiles.
828 906 909 985 Nos
930 904 1179 982 similitudine
1204 905 1368 1008 quadam
1394 904 1467 982 for·
1527 978 1537 997 ,

332 1042 524 1118 manimus
541 1063 619 1131 cns,
636 1063 725 1141 quae
742 1038 956 1114 consistunt
973 1034 1014 1111 in
1032 1033 1268 1111 reuolutiouc
1281 1042 1466 1111 rotarum.

331 1168 392 1246 Tu
410 1170 443 1244 si
460 1166 578 1245 aliam
595 1184 705 1268 potes
722 1174 873 1244 tentare
891 1164 995 1240 siam
1012 1182 1134 1239 tenta

728 1415 904 1462 mm
917 1414 1027 1460 nm.
1038 1415 1060 1455 V

386 1622 652 1700 decidentium
679 1618 785 1698 ideas
811 1644 887 1699 nou
915 1621 1044 1722 posuit
1066 1618 1192 1696 Plato.
1211 1617 1312 1698 Cum
1328 1619 1468 1722 quippe.

331 1749 568 1850 intelligeret
584 1773 651 1825 cas
669 1772 753 1824 csse
770 1747 965 1848 proximas
985 1769 1114 1823 rerum
1133 1770 1293 1823 causas:
1311 1745 1414 1824 rude
1433 1749 1466 1825 si

332 1875 422 1979 quid
442 1888 583 1975 praeter
600 1874 725 1950 ideam
742 1882 842 1950 emet
861 1874 1034 1975 proxima
1051 1896 1169 1948 causa
1187 1871 1256 1961 rei,
1273 1869 1365 1949 illud
1383 1895 1459 1948 uon

332 2002 485 2080 volebat
503 2003 643 2079 habere
661 2001 796 2081 ideam.
815 2002 972 2104 idedpue
986 2003 1025 2078 in
1043 2002 1090 2078 iis
1103 2026 1189 2103 quze
1202 2002 1381 2079 dicuntur
1394 2026 1463 2104 per

331 2132 437 2235 prins
456 2127 495 2208 <i
515 2132 704 2234 posterius
722 2156 801 2208 non
819 2157 902 2209 esse
921 2132 1041 2209 soluit
1060 2156 1302 2210 communem
1319 2133 1465 2210 ideam:

329 2260 396 2338 scd
416 2259 581 2361 primum
599 2284 683 2335 esse
700 2259 826 2336 ideam
844 2260 1015 2337 secundi.
1033 2259 1142 2336 Vnde
1158 2259 1333 2338 Clemens
1348 2259 1468 2363 philo·

329 2386 476 2490 sophus
504 2385 543 2463 in
570 2386 722 2464 entibus
748 2387 947 2491 superiora
975 2387 1127 2465 volebat
1144 2413 1227 2465 esse
1245 2387 1467 2466 inferiorum

331 2513 450 2593 ideas.

382 2641 655 2720 Accidentium
673 2642 778 2720 ideas
792 2667 877 2721 esse
892 2643 1025 2722 volunt
1044 2645 1232 2750 Theologi
1246 2646 1311 2751 qui
1324 2644 1465 2724 intelli·

329 2776 429 2873 gnnt
445 2769 570 2846 Deum
589 2795 674 2846 csse
698 2770 958 2847 immediatam
986 2796 1141 2848 causum
1165 2772 1464 2876 miuscuiusque
1569 2832 1574 2837 .

329 2894 401 2986 rei,
420 2893 509 2970 licet
527 2895 713 2971 secundos
733 2895 824 2971 deos
843 2922 1053 2998 causasque
1081 2921 1157 2974 non
1176 2898 1394 2976 excludant.
1412 2897 1465 2975 Et

331 3047 401 3100 nos
414 3023 455 3098 in
469 3024 661 3124 proposito
676 3024 760 3100 ideo
774 3026 945 3101 omnium
962 3025 1139 3103 volumus
1153 3053 1236 3104 esse
1250 3027 1367 3106 ideas:
1378 3028 1467 3130 quia

328 3150 377 3226 ab
391 3150 494 3226 omni
509 3152 759 3253 conceptabili
774 3154 821 3229 ad
836 3153 988 3230 easdem
1003 3155 1307 3232 conscendimus.
1319 3156 1375 3232 Dc
1388 3181 1466 3233 om·

331 3276 442 3353 nibus
461 3278 562 3354 enim
582 3276 790 3355 formamus
810 3279 964 3356 vmbros
983 3279 1135 3358 idedcs.
1154 3281 1235 3358 Nec
1262 3286 1462 3384 propterca

332 3405 562 3484 destruimus
579 3405 815 3484 Platonicam
830 3408 1045 3486 doctrinam
1060 3416 1102 3486 vt
1111 3407 1337 3512 intelligenti
1346 3412 1464 3513 patet.

747 3658 1022 3704 concurram
1033 3656 1055 3701 Α

384 3855 643 3959 Singularium
663 3858 767 3935 ideas
786 3885 862 3937 non
882 3862 1006 3964 posuit
1026 3859 1152 3955 Pluto,
1171 3863 1236 3938 sed
1256 3861 1468 3964 specierum

330 3990 493 4059 tantum.
513 3984 612 4062 Tum
631 3984 720 4087 quia
739 3987 834 4064 ideae
854 3991 1042 4089 pertinent
1071 3991 1117 4066 ad
1146 3989 1354 4067 formarum
1373 4015 1464 4093 pro·

330 4112 546 4190 ductionem
581 4126 757 4205 tantum,
790 4140 865 4191 non
899 4119 1080 4194 materiae.
1114 4118 1212 4195 Tum
1241 4116 1464 4221 etiamquia

335 4238 467 4317 formae
495 4240 753 4344 principaliter
775 4258 866 4319 sunt
885 4244 1040 4322 intentae
1069 4271 1138 4348 por
1166 4254 1357 4339 naturam,
1386 4268 1462 4322 non

330 4374 464 4445 autam
481 4391 626 4470 genera
645 4364 685 4445 dr
705 4367 911 4446 indiuidua.
