3344 5124
706 387 924 465 .-m-

270 537 365 619 tium
394 536 620 621 intentiones
657 538 698 621 de
729 543 982 636 ordinandas,
1011 537 1053 620 de
1085 547 1265 644 perpetuo
1302 540 1398 619 reti·

269 668 424 746 nendas.

323 797 418 874 Ama.
434 795 552 888 Bene,
571 794 618 872 ed
635 794 865 898 propositam
884 792 1174 896 applicationem
1190 793 1399 874 faciendam

272 922 511 1026 progredere.

327 1052 422 1128 Bor.
444 1050 501 1128 lta
519 1049 595 1127 fiet.
611 1048 737 1128 Habes
757 1049 874 1151 igitur
892 1074 940 1127 ex
958 1052 1040 1127 arte
1058 1051 1246 1129 communi
1268 1076 1402 1155 quem·

207 1204 208 1208 ¹
270 1178 471 1256 admodum
499 1178 713 1280 adparando
741 1179 818 1255 sint
844 1178 1022 1256 subiecta.
1054 1177 1264 1256 Sensibilia.
1287 1178 1403 1258 Natu-

272 1307 377 1384 ralia.
407 1306 641 1385 Artificialia.
670 1305 803 1383 Mixta.
831 1306 1034 1388 Mediocris
1053 1307 1397 1413 apacij.Mediocris

272 1433 563 1537 perspicuitatis.
591 1434 700 1510 quta
719 1435 1021 1514 memorabilium
1040 1435 1249 1539 specierum
1270 1459 1395 1513 uume-

270 1582 368 1636 rum.
396 1558 569 1636 Diuersa.
598 1556 830 1637 Differentia.
862 1559 1060 1664 Congruas
1090 1560 1328 1639 habitudines
1348 1561 1395 1637 ad

270 1684 510 1788 apponendas
540 1685 680 1764 formae
699 1686 906 1765 seruantia.
937 1687 1135 1767 Ordinato.

324 1811 644 1892 Conuenieutibus
682 1813 845 1917 seposita
873 1813 1098 1893 interuallis.

326 1945 421 2022 Am.
449 1943 592 2021 Habeo.

320 2071 417 2148 Bora.
446 2070 584 2163 Modo,
612 2093 686 2171 quo
715 2077 825 2172 pacto
853 2068 1047 2149 uiuificata
1075 2070 1234 2147 debeant
1264 2066 1395 2146 baberi

267 2197 465 2301 percipito.

321 2331 415 2405 Ara.
444 2327 557 2428 Lege.

704 2606 971 2685 Boursru.

731 2860 845 2940 CAP.
864 2860 930 2939 111.

315 3116 462 3184 Caetera
487 3115 535 3183 ad
556 3115 767 3200 firmitatem
788 3116 1023 3185 subiectorum
1049 3135 1118 3204 pro
1140 3118 1349 3203 formarum

338 3248 543 3324 retentione,
567 3263 646 3330 pure
665 3247 791 3329 poncia
812 3247 889 3332 suit
910 3253 992 3314 nota
1014 3244 1047 3314 ἃ
1071 3247 1198 3314 leuiter
1221 3251 1325 3313 tacta.

363 3376 409 3443 Et
430 3374 601 3460 estquod
616 3379 732 3459 potest
750 3377 933 3458 pertinere
955 3376 1003 3443 ad
1025 3377 1200 3443 rotronem
1223 3373 1299 3442 rub·

418 3505 605 3583 tectorum,
629 3522 698 3589 quo
721 3504 768 3571 od
790 3504 951 3571 ultimum
976 3503 1238 3589 praedicamen-

580 3641 655 3702 tum
678 3634 772 3719 quod
792 3639 846 3702 ert
869 3633 1078 3702 Heraean.

792 3875 903 3978 §la

323 4165 342 4209 ‹
360 4131 623 4212 Subiectorum
638 4129 712 4210 elia
727 4133 981 4225 substantioe,
998 4130 1073 4208 alia
1089 4128 1281 4209 adiectiua
1299 4132 1397 4206 suut.

269 4260 483 4340 <Subiecta
510 4258 751 4337 substantioe
779 4257 928 4361 appello
956 4257 1074 4335 eade
1101 4256 1238 4360 quibus
1271 4255 1400 4331 hacte-

269 4420 287 4461 ‹
307 4414 377 4467 nus
402 4386 652 4465 meminimus.
675 4382 858 4463 Subiecta
876 4411 967 4464 vero
986 4384 1175 4462 adiectiua
1194 4386 1282 4460 sunt
1301 4406 1400 4483 quee-
