3344 5124
856 349 1020 415 -24..

365 498 528 577 cioribns
547 497 740 576 uniantur.
759 495 971 575 Materialia
989 492 1245 597 spiritualibus
1279 489 1499 595 spiritualia

365 648 520 727 prorsus
538 623 578 701 in
597 622 855 701 materialibus
875 622 1105 701 adhaereant.
1131 619 1180 697 Vt
1198 643 1319 697 vnum
1347 618 1398 696 sit
1418 617 1498 696 uni·

364 754 463 829 versi
485 752 583 830 entis
603 775 752 854 corpus,
772 772 870 827 anus
889 748 979 826 ordo
1001 771 1077 825 vna
1105 747 1343 850 gubernatio,
1372 768 1490 822 vnum

363 879 600 983 principium,
620 905 718 957 vnus
736 879 835 974 finis,
866 903 981 957 vnum
1008 878 1185 981 primum,
1204 900 1323 955 vnum
1349 880 1493 954 extrae-

365 1031 480 1085 mum.
509 1007 679 1108 Cumque
706 1006 780 1110 (vt
806 1030 884 1084 non
912 1006 1186 1109 ignorauerunt
1211 1003 1494 1082 Platonicorum

363 1136 566 1239 principes)
585 1135 808 1239 demigratio
835 1135 946 1213 detur
969 1134 1193 1213 continued
1218 1133 1301 1211 luce
1320 1132 1369 1209 ad
1392 1138 1497 1210 tene·

360 1262 448 1340 bras
457 1261 559 1365 (oum
574 1263 757 1339 mentium
772 1262 945 1365 quaedam
972 1285 1039 1363 per
1053 1261 1337 1339 conuersionem
1354 1258 1401 1335 ad
1415 1282 1492 1335 ma·

360 1387 508 1483 teriam,
529 1385 568 1466 dc
587 1389 826 1466 auersionem
841 1389 889 1466 ab
908 1393 1008 1482 actu;
1029 1389 1192 1468 subeunt
1211 1391 1403 1480 naturam,
1431 1389 1496 1460 at·

362 1540 434 1619 quo
449 1513 586 1620 iatum)
600 1514 694 1592 nihil
709 1515 864 1619 impedit
878 1519 1077 1620 quominus
1092 1518 1138 1594 ad
1154 1541 1290 1595 sonum
1318 1516 1494 1619 cytharae

360 1643 585 1720 uniuersalis
608 1642 793 1744 Apollinis
808 1643 856 1717 ad
872 1666 1037 1744 superna
1056 1643 1242 1746 gradatim
1264 1643 1492 1719 reuocentur

358 1769 519 1848 inferna:
549 1767 589 1848 do
616 1770 794 1847 inferiora
812 1796 878 1873 per
900 1772 1036 1867 media,
1064 1772 1303 1875 superiorum
1325 1769 1492 1847 subeant

366 1904 555 1976 naturam:
570 1899 885 2002 quemadmodum
905 1896 1079 1978 &sensu
1102 1904 1253 1977 constat
1281 1903 1424 1977 terram
1451 1897 1490 1973 in

361 2050 511 2129 aquam,
530 2052 666 2129 aquam
685 2029 724 2107 in
744 2054 883 2124 aerem,
903 2053 1027 2108 aerem
1040 2029 1081 2106 in
1095 2029 1222 2131 ignem
1238 2027 1422 2106 rarefieri:
1443 2027 1491 2103 si-

359 2160 425 2231 cut
443 2153 543 2254 ignis
563 2155 601 2230 in
615 2179 755 2249 aerem,
770 2180 835 2233 aer
850 2156 889 2233 in
907 2181 1058 2259 aquam,
1073 2181 1172 2257 aqua
1186 2155 1226 2232 in
1242 2161 1385 2232 terram
1403 2154 1491 2231 den·

358 2283 527 2360 sabatur.
544 2282 602 2360 Ita
616 2283 845 2385 generaliter
861 2284 1030 2364 videmus
1045 2283 1085 2360 in
1100 2283 1146 2360 iis
1161 2306 1246 2385 quae
1275 2285 1491 2375 mutantur,

355 2414 500 2487 motum
519 2415 636 2501 statu,
652 2407 693 2488 aa
710 2413 853 2488 statum
869 2416 973 2489 motu
989 2435 1137 2515 semper
1152 2410 1360 2489 terminari.
1377 2406 1489 2493 Quod

357 2530 398 2612 da
413 2535 451 2611 in
467 2535 547 2637 ipso
563 2535 659 2613 coelo
677 2561 826 2640 semper
840 2563 922 2615 esse
942 2544 1056 2641 atque
1072 2538 1153 2616 fieri
1173 2538 1313 2640 optime
1333 2537 1491 2639 Peripa·

354 2660 557 2740 teticorum
577 2662 729 2764 quidam
757 2663 1071 2743 considerauere:
1100 2689 1189 2744 cum
1206 2663 1343 2769 quippe
1362 2663 1487 2766 ipsum

355 2786 495 2865 habere
514 2794 643 2866 actum
660 2790 869 2867 admixtum
888 2816 976 2871 cum
996 2794 1161 2894 potentia
1180 2792 1312 2870 dicunt
1339 2790 1485 2896 (quam-

353 2914 412 2991 uis
433 2911 572 2993 &aliae
600 2917 675 2996 sint
702 2917 896 2996 mixtionis
924 2918 1032 2996 istius
1061 2917 1241 3024 rationes)
1269 2917 1485 3022 intelligunt

356 3040 437 3118 eius
452 3048 598 3123 motum
616 3044 751 3122 esseio
767 3044 843 3123 fine
858 3046 906 3122 ad
921 3046 1169 3147 praeteritum,
1190 3044 1230 3124 do
1248 3047 1288 3125 in
1303 3045 1486 3149 principio

355 3173 401 3248 ad
430 3171 614 3250 futurum.
635 3173 822 3274 Quidquid
843 3198 933 3275 ergo
952 3175 1003 3252 sit
1021 3175 1067 3253 de
1086 3172 1163 3252 alia
1182 3174 1383 3251 descensus
1403 3198 1485 3275 spe·

352 3298 410 3376 oie
430 3299 477 3376 do
491 3325 567 3402 qua
585 3299 866 3403 Theblogorum
885 3302 1085 3403 prudentia
1105 3302 1295 3379 decernat:
1312 3301 1404 3379 illud
1424 3302 1486 3380 ob·

352 3425 441 3503 nixa
460 3427 568 3504 nobis
583 3432 641 3504 est
655 3427 929 3523 intentandum,
946 3434 988 3506 vt
1002 3453 1069 3531 pro
1086 3430 1249 3533 egregiis
1265 3430 1382 3508 animi
1398 3454 1483 3533 ope·

353 3552 562 3631 rationibus
577 3557 727 3631 naturae
746 3553 915 3631 schalam
934 3559 1022 3631 ante
1042 3554 1171 3633 oculos
1182 3557 1374 3650 habentes,
1387 3580 1483 3634 sem·

349 3704 416 3781 per
435 3682 459 3758 ai
475 3688 595 3776 motu,
607 3678 646 3759 aa
666 3679 976 3777 multitudine,ad
995 3687 1140 3760 statum
1159 3680 1199 3761 do
1214 3685 1399 3762 vnitatcm
1413 3709 1480 3788 per

345 3809 572 3889 intrinsecas
600 3809 839 3913 operationes
866 3810 1024 3889 tendere
1053 3814 1351 3893 contendamus:
1380 3816 1481 3917 quod

346 3961 517 4040 cumpro
545 3937 728 4017 facultate
746 3940 1061 4043 praestiterimos‚
1092 3967 1161 4044 pro
1180 3942 1363 4021 facultate
1391 3968 1480 4046 quo·

345 4088 419 4168 que
449 4064 588 4143 diuinis
615 4065 845 4145 multitudini
874 4067 1108 4146 mirabilibus
1136 4071 1312 4172 operibus
1336 4069 1482 4149 confor-

347 4188 546 4269 mabimur.
567 4191 624 4270 Ad
644 4192 768 4294 ipsum
798 4217 926 4271 rerum
950 4196 1182 4297 praesignata
1209 4196 1409 4292 connexio,
1439 4193 1479 4273 da

345 4340 601 4399 connexorum
620 4324 888 4424 consequentia
903 4347 972 4403 nos
986 4322 1173 4403 confortet
1187 4321 1227 4403 do
1241 4326 1478 4406 adhortetur.
