3344 5124
855 400 1015 461 ..48-

365 554 475 637 taos,
492 540 533 622 dn
560 543 832 627 uniuersaliter
849 547 1012 628 visibilia
1032 549 1251 653 interponas
1269 545 1446 641 oculare,
1465 548 1510 623 nt

368 670 422 747 nil
441 671 493 748 sit
510 672 611 773 qnod
629 678 668 751 te
686 673 819 777 fugere
837 675 956 779 possit
975 675 1142 754 omnino.

790 929 963 975 coms
977 930 1049 977 xvn.
1063 932 1085 976 B

417 1130 538 1211 Error
555 1134 664 1213 nobis
683 1131 724 1214 d
742 1133 883 1216 obliuio
901 1138 1064 1233 accidit3
1098 1138 1189 1244 qnia
1219 1137 1321 1241 apud
1351 1160 1422 1215 noe
1453 1158 1503 1213 ex

363 1259 500 1356 forma,
529 1259 570 1341 dn
597 1263 737 1341 infirmi
764 1266 872 1370 viget
898 1266 1134 1371 compositio.
1152 1265 1348 1346 Formatio
1367 1264 1504 1368 quippe

363 1389 534 1492 corporei
564 1391 707 1484 mundi,
735 1390 857 1470 forma
885 1391 1040 1471 inferior
1067 1401 1149 1486 est,
1177 1419 1226 1472 ex
1254 1392 1372 1496 ipsius
1400 1389 1502 1467 enim

362 1513 1501 1624 vestigio,&deformitatecomponituulllucigiturascende

363 1642 425 1719 vbi
452 1644 596 1745 species
614 1652 705 1722 sunt
723 1670 842 1748 purae,
862 1646 958 1724 nibil
976 1646 1150 1743 informe,
1170 1644 1211 1726 dn
1230 1644 1501 1725 0111110101ωο-

368 1776 450 1848 tum
469 1771 551 1872 ipsa
569 1772 694 1852 forma
710 1795 782 1852 est.

777 2029 950 2075 uouemus
956 2032 1039 2078 xvut.
1056 2031 1074 2076 8

414 2233 573 2313 Notauit
591 2236 878 2318 Platonicorum
896 2240 1071 2343 princeps
1099 2238 1288 2318 Plotinus.
1307 2231 1498 2320 Quamdiu

359 2362 462 2441 cinca
479 2363 642 2467 figuram
657 2366 778 2445 oculis
793 2368 983 2447 duntaxat
999 2368 1237 2447 manifestam
1252 2364 1337 2470 quis
1351 2363 1500 2442 intuen-

358 2489 406 2568 do
424 2499 614 2586 versatur,
633 2519 709 2572 non
729 2497 819 2574 dum
838 2521 967 2575 amore
986 2496 1207 2599 corripitur:
1236 2493 1310 2572 Sed
1331 2490 1395 2569 vbi
1413 2489 1493 2593 pri·

356 2638 462 2695 mum
480 2619 629 2698 animus
650 2646 691 2698 se
711 2622 758 2699 ab
780 2622 846 2701 illa
874 2648 1070 2718 reuocans,
1097 2624 1261 2725 figuram
1290 2621 1329 2699 in
1356 2643 1397 2696 se
1417 2617 1496 2717 ipso

356 2745 522 2848 concipit
539 2771 615 2824 non
634 2749 852 2843 diuiduum,
881 2750 1054 2853 vltrdque
1075 2750 1289 2829 visibilem:
1318 2742 1492 2849 protinus

209 2878 213 2885 '
355 2894 464 2949 amon
481 2874 614 2952 oritur.
633 2873 765 2954 Simile
782 2877 963 2955 indicium
991 2878 1037 2956 de
1056 2876 1213 2956 obiectis
1240 2870 1491 2977 intelligibili·

355 2999 438 3094 bus;
458 3000 492 3078 ei
510 3004 609 3104 quod
627 3010 686 3082 est
704 3006 751 3083 de
764 3007 1041 3109 appetibilibus.
1055 3007 1156 3086 Hinc
1170 3006 1287 3110 igitur
1300 3000 1488 3103 inuestiga

356 3121 398 3205 de
416 3128 674 3233 contemplare
693 3135 881 3237 quomodo
908 3136 1053 3239 species
1071 3137 1198 3231 citius,
1227 3131 1412 3226 vinacius,
1439 3131 1493 3207 at·

355 3277 430 3356 qne
450 3256 621 3336 tenacius
639 3260 913 3363 concipiantur.

789 3515 964 3560 ooxcsspuvs
971 3515 1037 3562 ΧΙΧ.
1046 3516 1067 3559 'l'

409 3715 565 3820 Septem
593 3719 773 3823 gradibus
800 3718 955 3826 (quibus
983 3723 1079 3802 duos
1106 3722 1297 3829 addimus)
1314 3725 1490 3802 constare

354 3843 542 3924 intellexit
560 3848 734 3928 Plotinus
753 3850 932 3932 Schalam
951 3880 1026 3959 qua
1044 3856 1263 3936 ascenditur
1280 3856 1328 3934 nd
1343 3854 1486 3960 princi·

355 3971 475 4074 pium.
496 3972 679 4059 Quorum.
698 3977 852 4057 Primus
872 3988 931 4059 est
948 3982 1068 4060 animi
1084 3984 1274 4087 purgatio.
1293 3981 1488 4060 Secundus

355 4100 527 4178 attentio.
547 4103 700 4182 Tertius
719 4105 891 4185 intentio.
908 4109 1076 4194 Quantus
1095 4112 1236 4190 ordinis
1255 4111 1486 4213 contempla·

354 4224 420 4303 tio.
442 4224 606 4310 Quintus
629 4234 920 4335 proportionalis
945 4264 994 4316 ex
1012 4239 1145 4317 ordine
1163 4238 1328 4318 collatio.
1347 4238 1486 4318 Sextus

355 4354 519 4455 negatio,
530 4382 597 4435 seu
607 4361 808 4463 separatio.
822 4361 1170 4470 Septimusvotum.
1183 4365 1353 4448 Octauus
1368 4372 1487 4446 trans·
