3344 5124
811 356 990 417 ..1oe-

336 507 397 587 vet
417 510 561 584 motum
580 504 696 582 istum
715 503 777 580 hic
796 510 921 581 motus
940 501 1240 581 concomitatur:
1260 499 1342 580 siue
1359 501 1397 580 id
1416 501 1467 580 sit

269 622 283 649 '
335 634 443 714 locati
460 691 471 726 ,
489 633 572 710 siue
600 632 799 734 temporati
815 689 825 726 ‚
844 632 926 710 siue
945 629 1149 724 rationali,
1173 631 1257 708 siue
1277 628 1442 709 naturali
1462 688 1472 722 ‚

335 761 417 840 siue
445 757 659 851 artificiali,
689 759 770 835 siue
801 758 1140 861 quomodocunque
1172 755 1284 834 aliter
1309 755 1476 860 positiua

337 887 648 980 concomitantia,
665 891 780 991 atqua
802 887 915 964 vnius
934 891 1022 989 post
1040 887 1201 963 aiterum
1220 883 1474 964 successione.

336 1013 395 1091 Ad
414 1036 527 1115 quem
546 1012 638 1090 sand
657 1013 824 1104 modum,
844 1011 1110 1114 progredimur
1131 1009 1357 1089 amemorie
1375 1009 1474 1088 niuis

335 1146 384 1225 ad
402 1143 624 1223 memoriam
645 1144 793 1238 hiemis3
814 1144 915 1221 Hinc
932 1143 979 1220 ad
996 1166 1079 1220 eam
1095 1167 1180 1245 quae
1196 1140 1359 1244 frigoris.
1375 1139 1475 1220 Hinc

336 1271 384 1348 ad
403 1296 489 1349 eam
508 1295 592 1375 quae
612 1271 915 1375 antiperistasis:
943 1270 1044 1349 Hinc
1067 1272 1113 1348 ad
1140 1295 1225 1348 eam
1244 1292 1330 1372 quae
1355 1267 1473 1347 inten-

336 1398 475 1476 dentiae
495 1399 632 1477 catoris
653 1398 691 1476 in
710 1398 930 1476 stomacho:
950 1397 1105 1476 Indead
1125 1422 1209 1476 eam
1238 1422 1324 1500 quae
1343 1401 1472 1500 poten·

337 1525 387 1604 tis
407 1527 654 1630 digestionis3
676 1527 735 1602 Ab
754 1525 827 1602 hac
846 1526 887 1603 in
906 1525 1130 1628 appetitum,
1156 1520 1196 1602 dr
1219 1523 1390 1601 vinacius
1407 1546 1474 1601 nu·

337 1652 589 1746 trimentum3
610 1653 739 1747 robur,
759 1649 799 1731 dr
818 1651 1044 1730 exercitium
1060 1676 1069 1744 ;
1099 1649 1139 1730 dr
1164 1653 1218 1729 ita
1237 1653 1416 1754 deinceps
1435 1651 1473 1728 in

337 1774 425 1853 hoc.
447 1776 491 1854 In
509 1775 593 1854 aliis
612 1776 787 1855 omnibus
806 1775 994 1854 similiter.
1010 1774 1050 1854 Si
1070 1777 1156 1877 quid
1176 1801 1263 1853 vero
1279 1775 1394 1852 hebet
1407 1799 1474 1852 na·

337 1911 464 1982 turam
493 1907 686 1982 carentem
705 1904 863 1981 ordine:
892 1904 938 1981 ad
967 1901 1069 1980 aliud
1099 1902 1315 1980 ordinatum
1336 1900 1473 1979 refera-

337 2039 412 2108 tur:
428 2036 547 2134 atque
566 2029 773 2109 innitatur:
803 2033 902 2135 quod
922 2032 1072 2135 quidem
1090 2057 1239 2134 semper
1257 2055 1342 2110 esse
1360 2032 1472 2109 debet

338 2158 487 2262 aliquod
506 2159 686 2238 sensibile
703 2186 712 2238 :
737 2161 984 2264 quamohrem
1002 2184 1076 2238 non
1096 2162 1241 2239 temore
1268 2162 1292 2239 a
1320 2159 1470 2238 ratioci-

337 2287 470 2365 nativa
484 2285 709 2390 philosopho
729 2289 868 2366 dicitur
881 2290 1049 2367 ordinem
1065 2289 1217 2393 propria
1236 2298 1373 2367 natura
1387 2311 1470 2365 sen·

337 2414 503 2495 sibilium
533 2441 642 2494 esse:
672 2413 712 2494 dr
730 2441 810 2495 non
829 2418 1024 2520 cognoscit
1051 2418 1175 2521 ipsum
1199 2410 1312 2494 extra
1331 2413 1471 2519 margi·

337 2568 405 2621 nes
428 2552 589 2623 naturae.
604 2546 716 2625 Vnde
734 2548 766 2624 si
781 2570 932 2650 quaeras
950 2547 1078 2625 abillo
1097 2546 1186 2649 quid
1205 2552 1265 2624 est
1279 2543 1393 2621 ordo't
1413 2547 1472 2620 est

335 2670 480 2773 inquiet
508 2699 733 2776 progressus
761 2675 816 2752 rei
836 2676 1040 2755 secundum
1066 2676 1167 2751 viam
1187 2682 1348 2752 naturae.
1368 2670 1469 2756 Quid

336 2805 394 2876 cat
412 2801 556 2878 ordinis
575 2805 743 2881 carentia
763 2804 888 2881 exitus
907 2805 1053 2906 inquiet
1072 2806 1095 2881 a
1115 2804 1176 2880 via
1195 2808 1357 2880 naturae.
1376 2799 1469 2876 Haeo

335 2933 425 3005 sunt
444 2953 528 3030 quae
548 2932 594 3006 de
613 2956 769 3033 organo,
789 2928 829 3010 dr
849 2933 895 3008 ad
924 2957 1111 3034 organum
1140 2930 1366 3008 scrutinium
1386 2953 1469 3031 per·

336 3054 501 3133 tinentia
519 3057 695 3135 volumus
713 3085 796 3136 csse
816 3061 929 3137 dicta:
950 3087 1035 3164 quae
1054 3062 1085 3138 si
1100 3061 1281 3137 attentius
1302 3065 1466 3135 contem·

336 3181 527 3283 piaberis3
557 3184 653 3262 nihil
673 3189 848 3288 estquod
877 3216 925 3267 ne
945 3190 991 3266 ad
1009 3189 1191 3266 vlteriora
1211 3185 1465 3290 progrediaris

334 3309 536 3410 impediat:
557 3313 682 3389 exiis.
701 3337 738 3389 n.
759 3315 969 3392 remoueris
1000 3317 1046 3394 ab
1066 3341 1123 3406 eo,
1144 3316 1242 3418 quod
1273 3313 1319 3390 ad
1340 3336 1466 3389 conse·

332 3441 490 3535 quentcs
518 3442 627 3515 actus
646 3437 842 3517 occlusum
861 3441 1023 3520 faciebat
1042 3443 1125 3519 iter.
1153 3444 1200 3520 ut
1219 3442 1323 3520 certe
1341 3441 1467 3518 facere

330 3585 405 3639 non
424 3563 615 3665 potuimus
631 3590 640 3660 ;
661 3590 708 3642 ne
727 3568 797 3643 snb
816 3569 926 3646 tituto
947 3570 1134 3646 theorices
1154 3568 1385 3646 sufficienter
1404 3593 1467 3670 ap-

329 3713 554 3791 poneremus
573 3718 630 3788 es,
651 3718 735 3796 quaa
764 3719 834 3797 per
861 3721 902 3773 se
921 3696 1000 3798 ipsa
1021 3696 1170 3798 praxim
1191 3694 1381 3798 complere
1403 3719 1464 3770 va·

328 3815 445 3894 leant.
