3344 5124
390 906 488 987 Cum
506 904 625 1007 igitur
643 929 753 985 omne
768 906 944 1009 possibile
963 912 1100 987 natura
1120 896 1289 1011 praestst,
1305 910 1387 993 siue
1406 938 1472 993 an·

335 1042 375 1120 te
393 1037 603 1133 naturalia,
622 1038 705 1115 siue
723 1036 762 1114 in
781 1036 1039 1132 naturalibus,
1067 1038 1148 1116 side
1166 1063 1234 1142 per
1252 1040 1469 1121 naturalia:

335 1168 391 1247 ita
407 1165 597 1270 intelligas
617 1166 641 1244 d
658 1165 896 1243 naturalibus
916 1164 1088 1244 omnibus
1105 1166 1295 1248 actionem
1312 1167 1468 1271 prodei·

336 1298 403 1379 soi:
423 1302 467 1377 vt
484 1302 663 1376 naturum
679 1319 749 1400 per
766 1295 897 1374 eadem
917 1320 1032 1400 agere
1046 1319 1124 1373 uon
1141 1295 1310 1400 ignores.
1328 1295 1471 1376 Distin-

339 1429 433 1534 guat
451 1424 750 1530 quantumlibet,
765 1448 883 1530 agens
903 1423 1107 1527 positiuum
1136 1424 1160 1502 a
1186 1423 1351 1502 naturali
1380 1423 1470 1503 vul·

339 1554 443 1660 garis
462 1552 712 1656 philosophia3
732 1575 822 1630 non.
842 1577 879 1629 u.
899 1550 1076 1630 inficiam.
1090 1550 1187 1630 Illud
1202 1550 1294 1629 mihi
1309 1551 1394 1631 iure
1407 1553 1471 1630 ad·

337 1682 440 1761 mitti
459 1680 559 1759 uolo:
582 1684 623 1758 vt
641 1680 694 1757 ita
712 1678 978 1780 distinguatur,
995 1679 1095 1757 sieut
1108 1702 1296 1783 organum
1316 1704 1476 1782 operan-

338 1810 387 1888 tis
416 1808 463 1887 ab
491 1808 573 1912 ipso
601 1806 848 1913 distinguitur
875 1809 1078 1909 operante;
1108 1806 1208 1884 sieut
1235 1808 1401 1887 medium
1421 1808 1468 1885 alr

339 1938 551 2030 ordinante,
571 1935 768 2014 brachium
788 1936 835 2014 ab
855 1935 1086 2039 exagitante.

869 2192 936 2272 IX.

391 2480 599 2584 Propterea
618 2476 806 2580 intelligas
826 2503 894 2559 nos
908 2477 1063 2557 minimd
1077 2476 1252 2581 alligatos
1269 2505 1351 2557 esse
1370 2507 1473 2560 eom·

337 2607 444 2687 muni
454 2606 702 2711 philosophiae
712 2629 799 2684 eum
814 2610 962 2683 naturae
972 2631 1108 2684 nomen
1123 2608 1307 2700 materies,
1322 2608 1471 2686 formae·

339 2760 411 2839 que
425 2734 681 2815 adstrinxerit:
697 2733 762 2811 sed
774 2730 813 2810 dr
829 2758 914 2810 eum
930 2732 1096 2811 efficiens
1110 2735 1354 2812 intrinsecum
1370 2738 1470 2837 prin·

339 2863 479 2967 cipium
500 2863 774 2966 reeoguouerit3
794 2863 875 2939 siue
894 2863 943 2938 sit
965 2862 1140 2940 omnibus
1159 2886 1370 2957 commune,
1390 2864 1471 2941 siue

337 2993 384 3070 ad
412 2993 484 3070 hoe
512 2992 765 3094 suppositum,
794 2991 854 3068 vel
882 2991 927 3065 ad
957 2990 1048 3069 illud
1076 2990 1188 3066 luerit
1217 2993 1471 3068 contractum.

339 3120 449 3198 Vnde
478 3120 654 3197 libentius
682 3119 820 3197 idiotas
853 3119 1046 3222 loquentes
1074 3118 1259 3196 audimus:
1288 3118 1379 3195 dum
1406 3143 1470 3196 na·

340 3249 465 3322 turam
483 3242 594 3322 istius
615 3243 790 3336 hominis,
811 3268 898 3322 eum
917 3243 1015 3319 illius
1035 3243 1197 3320 hominis
1216 3248 1355 3320 natura
1373 3268 1470 3320 eorn-

338 3378 488 3475 parant:
516 3397 605 3448 non.
626 3396 663 3448 n.
682 3381 725 3448 vt
744 3371 959 3449 vniuersale
978 3370 1160 3474 logicum,
1181 3370 1241 3448 vel
1260 3370 1308 3447 ad
1327 3372 1408 3447 eius
1427 3372 1471 3447 si·

340 3498 590 3578 militudinem
610 3498 697 3577 lieet
714 3499 1203 3607 apprehenderenaturam:
1225 3499 1288 3575 sed
1309 3503 1352 3575 vt
1370 3500 1471 3602 phy·

340 3625 472 3718 sicum,
487 3625 586 3728 quod
603 3631 661 3702 est
680 3634 761 3702 tum
780 3627 819 3702 in
839 3625 1026 3715 omnibus,
1046 3634 1128 3701 tum
1147 3626 1193 3702 ad
1214 3625 1369 3728 singula
1386 3650 1474 3702 eon·

340 3756 518 3828 tractum.

885 3896 934 3975 X.

396 4175 488 4252 Haeo
507 4181 566 4253 est
585 4200 669 4278 quae
688 4178 850 4255 mediate'
870 4177 1058 4255 sensibilia
1081 4178 1264 4281 preterita
1285 4174 1323 4255 dr
1343 4176 1472 4254 absen-

343 4306 408 4381 tia:
429 4305 633 4408 praesentia
658 4303 791 4399 reddit,
820 4309 933 4407 atque
960 4304 1176 4408 conspicua:
1206 4304 1294 4383 hine
1322 4303 1472 4408 quidem
