3344 5124
326 975 344 1019 ‹
364 946 512 1023 Formae
533 947 623 1023 verd
642 945 727 1024 aliae
746 972 831 1051 quae
850 952 940 1027 sunt
958 947 1197 1042 intrinsecae,
1219 950 1413 1029 extrinse

275 1102 292 1143 a
311 1095 442 1148 aarum
461 1070 573 1150 riuuli
593 1078 705 1176 atque
724 1073 823 1168 filiae,
843 1098 928 1178 quae
946 1099 1014 1176 per
1032 1073 1210 1153 vehicula
1231 1072 1275 1154 dr
1296 1101 1411 1154 cana·

272 1229 290 1272 a
309 1199 363 1276 les
381 1223 563 1278 sensuum
582 1216 848 1295 externorum,
867 1226 950 1280 sese
968 1201 1009 1279 in
1026 1201 1313 1305 phantasticam
1343 1204 1362 1281 f
1388 1249 1401 1263 -

272 1326 488 1405 <cultatem
508 1327 760 1430 ingesserunt,
775 1335 867 1412 sunt
879 1329 1079 1431 praesentis
1093 1329 1335 1408 intentionis.
1355 1332 1408 1408 Et

270 1451 391 1529 <istae
420 1452 619 1556 dupliciter
646 1455 745 1533 sumi
764 1461 922 1559 possunt
940 1481 1015 1534 vno
1037 1463 1169 1558 pecte,
1189 1458 1407 1535 secuudum

271 1613 288 1653 a
308 1606 415 1659 suam
432 1589 620 1680 naturam,
637 1584 859 1676 nuditatem,
872 1580 912 1662 da
928 1584 1143 1687 puritatem,
1155 1580 1197 1663 aa
1212 1585 1406 1662 eiusmodi

270 1714 398 1787 <sunt
426 1711 513 1786 oiim
542 1736 695 1789 sensum
724 1712 846 1815 ipsum
875 1712 1067 1789 internum
1093 1711 1407 1815 aggrediuntur:

264 1867 287 1906 a
307 1836 439 1914 Altero
459 1841 568 1939 pacto
588 1838 774 1936 alteratae,
792 1843 1059 1932 commutatae,
1078 1837 1342 1934 deordinatae,
1365 1836 1409 1918 dr

271 1993 288 2034 <
307 1965 537 2057 commistae,
556 1960 597 2042 dr
616 1966 670 2042 ita
689 1965 907 2069 dupliciter,
926 1965 989 2044 vel
1009 1966 1056 2044 ab
1084 1966 1319 2063 intentione,
1340 1969 1409 2049 vel

271 2095 354 2172 ‹ab
384 2094 545 2172 aliorum
574 2096 805 2175 naturalium
828 2093 1079 2175 accidentium
1099 2095 1407 2200 perturbatione.

269 2252 286 2294 ‹
307 2221 438 2300 Primo
458 2223 569 2302 modo
589 2222 732 2325 possint
750 2248 832 2301 esse
851 2222 1093 2317 artificiales,
1111 2222 1281 2301 secundo
1306 2251 1407 2305 vero

269 2379 287 2423 ι
306 2350 474 2428 minime.

774 2610 877 2712 av.

324 2866 491 2966 <ltaque
520 2864 593 2942 duo
622 2869 713 2942 sunt
740 2890 883 2966 genera
914 2865 1137 2966 imaginum.
1166 2864 1264 2943 Aliae
1294 2872 1401 2950 enim

275 3019 293 3063 ι
312 2997 401 3069 sunt
420 2992 563 3071 similes
583 2996 694 3071 rebus
713 2993 934 3070 extrinsecis
954 2995 1160 3071 secundum
1179 2997 1304 3072 totum
1337 2999 1401 3076 vel

268 3149 284 3189 a
305 3145 371 3219 per
386 3121 590 3223 integrum,
606 3126 649 3197 vt
664 3121 787 3220 imago
805 3119 972 3198 Socratis
988 3121 1047 3198 vel
1063 3122 1246 3214 Platonis,
1264 3123 1398 3228 imago

268 3274 285 3316 «ι
305 3246 402 3349 equi,
423 3248 484 3325 vel
502 3250 615 3325 tauri.
635 3249 731 3325 Aliae
753 3275 841 3326 vero
862 3254 952 3326 sunt
967 3249 1107 3326 similes
1124 3250 1233 3325 rebus
1250 3253 1382 3329 extrin

268 3403 285 3442 a
306 3373 401 3449 secia
422 3375 628 3451 secundum
647 3381 796 3476 partae,
816 3376 882 3452 sed
905 3400 977 3451 non
1006 3375 1214 3453 secundum
1245 3380 1397 3457 totum:

269 3529 285 3567 «
307 3504 347 3574 vt
366 3501 491 3601 imago
513 3503 649 3580 montis
670 3504 772 3579 aurai
788 3560 798 3589 ,
817 3502 1011 3594 centauri,
1033 3502 1200 3606 harpiae,
1222 3500 1262 3580 da
1282 3503 1397 3582 sirni-

267 3657 283 3698 <
303 3625 405 3705 lium.
422 3629 634 3732 Vtrumque
653 3657 833 3734 generum
849 3634 1088 3710 commodum
1103 3637 1161 3709 ost
1178 3631 1224 3709 ad
1239 3636 1394 3734 praxim

265 3786 282 3826 «
301 3761 499 3858 praesentis
519 3761 684 3862 artiticij,
702 3762 782 3839 siue
801 3762 913 3838 etiam
934 3760 1200 3840 necessarium.
