3344 5124
741 450 781 469 ..
799 419 861 482 252
880 448 921 465 -

264 547 397 627 cundis
415 572 492 627 non
513 545 724 649 probarem.
745 543 804 621 Ad
821 566 961 621 vanam
978 545 1116 649 quippe
1133 547 1251 646 atque
1269 545 1402 647 pueri·

262 672 336 755 lem
357 676 483 756 facere
502 675 680 753 videntur
698 673 934 766 iactantiam,
949 679 1136 776 quatenus
1150 673 1253 750 enim
1270 698 1408 750 occur·

266 791 432 884 rentium
460 802 748 908 figurandorum
768 801 1018 879 terminorum
1038 802 1246 879 necessitas
1261 801 1403 905 exqui-

265 934 328 1011 ritt
349 933 504 1012 solertia
524 955 615 1009 vsus
633 930 792 1033 triginta
810 929 1154 1034 configurationum
1172 955 1405 1008 succurrere

265 1062 422 1164 poteris.
451 1062 495 1139 ln
524 1059 650 1164 pueris
680 1064 807 1137 autem
827 1054 1068 1137 &studiosis
1096 1058 1407 1138 adolescentibus

266 1194 404 1289 praeter
421 1189 577 1267 breuem
597 1186 708 1264 istam
723 1186 825 1265 viam
846 1181 887 1264 da
905 1186 998 1264 alias
1017 1211 1110 1290 quas
1129 1186 1320 1265 Iordanus
1340 1188 1405 1264 in·

270 1315 395 1393 stituit
412 1314 557 1393 nullam
575 1312 823 1408 laudauerim,
848 1311 992 1416 grauis.
1021 1338 1059 1391 n.
1088 1338 1180 1391 cura
1209 1313 1410 1391 diuturna·

273 1467 347 1546 que
364 1442 541 1531 intentio,
560 1436 601 1519 da
620 1441 797 1520 abductio
816 1443 840 1520 t
858 1441 965 1519 seriis
984 1441 1119 1520 studiis
1137 1442 1183 1519 ad
1204 1466 1293 1545 quae
1323 1441 1407 1519 lor-

272 1579 374 1653 tasse
393 1597 460 1677 per
477 1571 579 1675 ipsas
598 1570 806 1648 redduntur
833 1568 1021 1649 inhabiles
1048 1567 1101 1676 (in
1122 1569 1227 1672 ipsis.
1245 1594 1284 1647 n.
1316 1569 1411 1647 acti·

269 1704 342 1782 bus
370 1700 562 1804 expediti,
590 1705 706 1803 atque
733 1699 918 1802 aptissimi
954 1697 1093 1802 alioqui
1128 1698 1269 1802 stupidi
1308 1697 1407 1777 mihi

271 1828 453 1934 comperti
483 1825 590 1932 sunt)
616 1827 857 1932 perceptione
881 1827 1026 1906 fructus
1045 1826 1109 1930 qui
1128 1827 1255 1931 colligi
1284 1828 1409 1930 possit

271 1957 311 2036 in
327 1956 437 2035 tardo
457 1955 633 2059 lentoque
648 1952 723 2033 fine
738 1954 893 2037 minime
906 1958 1211 2058 compensantur.
1226 1953 1307 2032 Per
1320 1954 1408 2031 haec

272 2089 400 2163 autem
420 2066 552 2160 nostra
570 2081 737 2160 studium
756 2106 834 2161 non
852 2082 1069 2186 impeditur,
1094 2081 1279 2160 memoria
1297 2086 1409 2159 natu·

270 2211 360 2291 ralis
380 2235 455 2289 non
474 2210 694 2304 hebetescit,
709 2237 786 2289 non
800 2211 969 2316 languet,
984 2211 1051 2289 sed
1070 2211 1254 2314 proficere
1274 2213 1408 2314 potest

271 2339 479 2443 ingenium.
498 2338 654 2416 Interim
673 2363 783 2442 spero
803 2338 950 2417 futuros
969 2338 1032 2442 qui
1047 2339 1278 2417 inuentionis
1295 2338 1407 2416 istius

271 2467 418 2546 semina
433 2465 690 2569 multiplicent.
700 2466 823 2545 Porro
838 2467 926 2545 lieet
939 2468 1022 2545 haec
1032 2466 1282 2545 consideratio
1295 2471 1407 2546 tanta

272 2596 323 2674 sit
351 2593 383 2672 si
412 2619 498 2672 cum
527 2593 802 2695 antiquioribus
822 2593 1062 2674 conferatur:
1082 2595 1164 2672 sine
1183 2593 1408 2698 praeiudioio

275 2724 485 2828 gratiarum
504 2747 596 2823 quas
616 2721 747 2824 primis
766 2724 1025 2801 iuuenioribus
1045 2719 1085 2801 <ln
1101 2725 1203 2801 viam
1219 2749 1409 2826 praemon·

276 2852 485 2930 strantibus
514 2852 654 2928 habere
682 2849 881 2928 debemus:
905 2851 998 2929 nibil
1018 2856 1145 2929 tamen
1164 2856 1221 2929 est
1240 2851 1407 2929 aliarum

274 2991 460 3082 respectu,
480 3002 640 3081 quarum
660 2977 807 3077 integer
826 2978 1001 3056 inuentor
1018 2983 1176 3082 apparet
1194 2977 1279 3056 iste.
1302 3004 1407 3081 qua-

274 3131 360 3185 rum
379 3131 468 3184 mox
489 3132 602 3185 vuam
622 3106 660 3184 in
680 3106 857 3185 breuibus
877 3111 1095 3184 contentam
1109 3106 1308 3209 explicabo
1326 3108 1410 3185 tibi.

274 3233 347 3313 Sed
368 3235 448 3312 baec
467 3235 512 3311 de
531 3241 632 3330 arte,
651 3235 831 3314 tredecim
850 3236 1073 3338 quibusdam
1100 3235 1232 3313 amicis
1262 3234 1412 3313 dictata

274 3361 475 3442 sufficiant.

328 3495 420 3570 Aba.
441 3492 618 3570 Proseras
645 3517 738 3596 rogo
758 3500 796 3571 te
816 3493 929 3571 aliam
948 3499 1084 3571 artem.

328 3621 424 3697 Bon.
444 3619 719 3698 Libentissime.
