3344 5124
629 719 777 832 ARS
809 715 1189 831 MEMORIAE

735 965 922 1036 IORDANI
945 965 1088 1035 BRVNI

894 1624 922 1703 1.

393 1907 501 1986 Tunc
516 1914 637 1986 artem
652 1908 722 1986 sub
739 1907 870 1986 umbra
886 1907 1062 1987 Idearum
1077 1909 1216 2011 degere
1229 1907 1473 2002 arbitramur,

341 2061 428 2115 cum
448 2041 515 2115 aut
532 2041 745 2140 torpentem
774 2043 951 2116 naturam
980 2036 1236 2116 antecedendo
1264 2033 1470 2128 sollicitat3

341 2165 408 2239 aut
427 2162 577 2241 deuiam
606 2158 645 2240 a
675 2163 951 2241 exorbitantem
970 2163 1100 2267 dirigit
1119 2159 1159 2240 a
1178 2161 1376 2265 perducit;
1405 2165 1474 2238 aut

182 2311 184 2314 ·
342 2286 578 2365 deficientem
597 2287 836 2409 laesimque;
867 2289 1023 2367 roborat
1040 2293 1153 2391 atque
1171 2286 1304 2380 fulcit,
1332 2289 1400 2363 aut
1418 2311 1474 2363 er·

342 2416 489 2490 rantem
504 2414 673 2515 corrigit,
685 2421 751 2493 aut
771 2416 974 2520 perfectam
993 2415 1174 2517 sequitur,
1188 2410 1228 2491 a
1246 2411 1472 2500 industriam

344 2539 547 2624 emulatur.

885 2797 935 2879 11.

395 3054 467 3131 Est
480 3051 631 3155 quidem
645 3050 905 3130 huiuscemodi
918 3076 981 3131 ars
990 3075 1118 3130 rerum
1129 3051 1472 3156 prosequendarum

340 3183 382 3261 in
402 3206 541 3285 genere
560 3180 772 3260 discursiua
788 3180 1066 3278 architectura3
1087 3177 1127 3260 a
1144 3180 1300 3259 habitus
1319 3179 1472 3285 quidam

342 3306 601 3386 ratiocinantis
620 3310 770 3401 animae,
785 3308 833 3384 ab
853 3331 897 3384 eo
916 3307 1016 3409 quod
1035 3314 1093 3385 est
1112 3307 1241 3386 mundi
1261 3306 1351 3384 vitae
1370 3305 1469 3410 prin·

340 3435 463 3537 cipio,
493 3433 541 3511 ad
568 3433 737 3511 omnium
765 3440 878 3535 atque
897 3432 1132 3536 singulorum
1162 3459 1202 3510 se
1222 3433 1470 3536 exporrigens

343 3562 433 3640 vitae
461 3561 699 3665 principium.
728 3560 829 3638 Nulli
859 3560 905 3638 de
932 3560 1110 3663 potentiis
1139 3561 1258 3664 ipsius
1287 3565 1469 3662 tanquam

342 3713 447 3768 ramo
468 3688 635 3785 innixus,
655 3715 777 3793 neque
797 3691 842 3768 de
873 3690 1050 3792 peculiari
1080 3692 1242 3795 quadam
1269 3715 1468 3794 emergens

344 3812 536 3895 laenitate:
556 3817 620 3896 sed
640 3816 764 3921 ipsum
783 3817 900 3896 totius
919 3818 1087 3921 stipitem
1107 3819 1236 3923 utpote
1253 3818 1374 3922 ipsam
1393 3817 1472 3895 ani·

340 3968 414 4023 mae
428 3945 546 4024 totius
561 3945 728 4024 incolens
744 3945 960 4025 essentiam.
977 3945 1086 4032 Quod
1106 3972 1181 4026 non
1201 3948 1248 4025 ab
1268 3946 1472 4024 redictum
1525 4018 1528 4025 ,

342 4073 602 4152 existimarim:
622 4075 653 4153 si
673 4075 810 4179 quippe
830 4076 868 4153 in
888 4075 1138 4178 memoratiua
1156 4074 1327 4179 potentia
1345 4074 1472 4151 consi-

344 4206 474 4279 steret:
495 4202 680 4305 quomodo
701 4201 909 4282 effunderet
927 4204 974 4281 ab
994 4203 1213 4282 intellectui
1243 4203 1331 4281 siin
1356 4202 1472 4281 intel-

346 4320 498 4403 lectiua:
518 4327 705 4429 quomodo
724 4327 745 4404 e
762 4326 957 4423 memoria,
972 4352 1099 4417 sensu,
1115 4321 1339 4431 &appetitu
1354 4329 1475 4405 trans·
