3344 5124
816 381 1000 445 -12-

338 685 354 738 1
406 659 479 738 Eat
494 657 776 760 inragoArietis
788 655 1477 760 primminumndauror-

394 788 446 865 tis
462 786 737 890 imaginatiuae.

339 914 511 994 semona
529 914 744 1016 superbior,
760 912 979 1007 ambitiosa,
996 913 1039 994 tiz
1055 917 1197 995 nobilis
1213 917 1344 993 animi.

338 1045 470 1124 Tertia
486 1038 745 1144 inquietior&
760 1043 869 1143 qnasi
887 1042 1108 1146 desperans,
1120 1045 1304 1122 acutioris
1316 1048 1473 1150 ingenij,

392 1172 573 1276 gaudium
593 1168 856 1272 prestolantis.

340 1453 368 1508 u
418 1427 492 1506 rat
516 1426 634 1505 Tauri
662 1425 793 1525 irnago
817 1426 943 1528 prima
959 1426 1235 1528 principiorum
1252 1451 1412 1530 operum
1431 1425 1472 1506 a

393 1562 553 1634 actuum
571 1552 905 1630 Geometriwrum
922 1552 1084 1630 fautrix

341 1684 519 1765 Secunda
534 1690 672 1786 potens
690 1679 732 1760 ἃ
750 1682 893 1759 nobilis
909 1683 950 1758 in
967 1682 1213 1761 multitudine
1229 1685 1416 1784 gentium.

341 1815 472 1894 Tertia
487 1814 632 1913 indiga,
648 1810 881 1888 miserabilis
896 1817 1015 1913 atque
1032 1838 1158 1889 serua

341 2088 381 2146 ur
433 2067 684 2145 Geminorum
705 2073 840 2167 prima
858 2069 1017 2169 sapiens
1031 2069 1072 2144 ln
1087 2067 1374 2144 Mathematieis
1391 2068 1479 2144 aliis

395 2221 469 2299 que
485 2220 649 2296 quarum
667 2195 777 2272 nulla
793 2204 854 2272 est
871 2198 1020 2274 vtilitas
1038 2196 1300 2274 heulutibus.

340 2319 516 2401 Secunda
541 2323 767 2425 impudens,
787 2325 1007 2427 deoeptrix,
1025 2321 1067 2402 a
1084 2323 1286 2402 laboriosae
1314 2323 1476 2426 diligen·

398 2451 485 2544 tiae,
503 2449 647 2531 nullius
664 2459 793 2529 tamen
812 2452 950 2556 frugis.

343 2577 475 2655 Tertia
491 2578 627 2672 delira,
647 2581 859 2668 immemor,
880 2577 921 2658 a
940 2581 1072 2656 multae
1090 2579 1346 2683 garrulitatis

343 2860 398 2915 1n1
451 2836 591 2916 Caneri
610 2838 732 2938 prima
749 2835 902 2916 subtilis
920 2836 1269 2939 contemplationis,
1287 2835 1411 2938 vigilis
1424 2834 1480 2909 in·

398 2967 497 3068 genij
519 2960 560 3041 ἃ
578 2989 708 3067 pronae
727 2966 765 3040 in
784 2990 953 3042 amorem
976 2964 1195 3040 voluntatis.

346 3094 524 3172 Secunda
541 3096 680 3172 modici
700 3097 860 3199 ingenij,
879 3093 920 3175 ἃ
938 3097 1069 3174 multae
1088 3096 1265 3173 fortunae.

344 3221 477 3299 Tertia
503 3222 676 3324 plurimae
703 3226 973 3327 negotiationis
1001 3221 1042 3302 et
1064 3224 1220 3300 modicae
1239 3221 1477 3324 prosecutio·

399 3348 470 3442 nis,
491 3359 647 3452 propter
664 3351 786 3427 ardua
803 3352 944 3432 media.

344 3629 370 3681 v
424 3606 562 3685 Leonis
589 3610 713 3709 prima
741 3609 977 3710 impetuosa,
1007 3609 1226 3700 luxurians,
1245 3605 1421 3695 immitis,
1440 3600 1480 3680 ἃ

399 3733 646 3835 impacabilis.

348 3857 520 3936 Secunda
543 3860 656 3940 velox
674 3865 721 3939 ad
741 3864 962 3943 effusionem
981 3864 1194 3964 sanguinis,
1215 3862 1420 3964 proditrix,
1440 3857 1480 3937 ἃ

401 3990 620 4090 suspiciosa.

348 4115 476 4192 Tertia
494 4142 618 4195 comes
638 4115 678 4198 ἃ
696 4122 819 4198 amica
838 4146 951 4225 quem
971 4120 1122 4198 mauult
1141 4119 1297 4221 perdere
1312 4139 1425 4220 quam
1440 4115 1480 4191 li·
1497 4202 1501 4207 ὁ

402 4243 502 4321 tibus
522 4245 661 4325 habere
683 4251 740 4327 vel
761 4250 931 4353 adipisci.
