3344 5124
819 345 978 409 -02-

351 519 479 574 rerum
496 498 830 578 memorandarum
848 497 886 574 in
904 497 1053 575 interno
1068 495 1163 575 libro
1183 496 1389 576 inscribere
1406 496 1484 571 stu·

349 622 523 702 duerunt.
544 623 715 708 Quorum
734 624 931 704 industriae
950 623 1050 727 quid,
1072 621 1112 702 dr
1130 630 1315 728 quantum
1333 622 1482 702 addide-

351 750 489 830 rimus:
508 753 676 856 ipsorum
696 755 761 857 qui
789 754 872 831 haec
900 757 1030 829 nostra
1047 775 1135 828 cum
1164 751 1314 831 illorum
1344 775 1480 829 monu-

351 878 487 956 mentis
507 881 677 958 oonferre
695 883 885 982 poterunt,
914 885 996 958 esto
1014 879 1207 958 iudicium.
1227 880 1308 958 lam
1327 906 1413 985 queo
1431 880 1478 958 ad

351 1020 523 1086 nostram
541 1005 684 1086 faciunt
702 1008 851 1111 praxim
870 1006 1154 1111 aggrediamur.

870 1238 955 1319 XII.

397 1470 523 1549 Habes
542 1470 580 1548 in
598 1469 695 1550 libro
714 1472 831 1553 clauis
850 1496 998 1575 magnae
1017 1472 1214 1551 duodecim
1242 1473 1474 1552 indumento·

345 1623 431 1678 rum
445 1599 626 1677 subiecta.
642 1598 806 1703 Species,
821 1600 990 1693 Formas,
1006 1600 1255 1693 Simulachra,
1271 1601 1474 1704 Imagines,

344 1731 514 1835 Speotra,
534 1730 791 1834 Exemplaria,
812 1731 999 1836 Vestigia,
1018 1729 1176 1819 Indicia,
1195 1728 1326 1831 Signa,
1346 1729 1478 1820 Notas,

343 1858 607 1950 Characteres,
627 1855 667 1936 dr
686 1856 850 1960 sigillos.
870 1857 1038 1943 Quorum
1059 1857 1231 1960 quaedam
1261 1858 1478 1935 referuntur

340 1987 389 2064 ad
403 1987 583 2066 sensibile
601 1987 647 2065 ob
663 1988 815 2066 oculum
829 1987 926 2092 (siue
941 1992 1080 2064 natura
1093 1986 1175 2064 siue
1191 1991 1273 2063 arte
1288 1985 1478 2088 figurante

341 2114 459 2220 dicta)
478 2117 691 2197 cuiusmodi
705 2121 793 2196 sunt
808 2117 1021 2195 extrinseca
1035 2117 1167 2212 forma,
1188 2119 1331 2220 Imago.
1343 2117 1479 2195 Exem-

287 2256 292 2263 '
341 2241 424 2345 plar
443 2267 529 2345 quae
547 2269 615 2347 per
629 2245 829 2347 picturam,
845 2240 886 2322 dr
900 2244 993 2322 alias
1009 2244 1235 2346 figuratiuas
1255 2255 1357 2323 artes
1377 2269 1479 2323 emu-

338 2368 490 2448 latrices
507 2371 640 2448 matris
655 2394 804 2473 magnae
820 2371 1050 2466 describunt,
1063 2379 1175 2474 atque
1191 2372 1469 2450 describuntur.

392 2496 575 2583 Quaedam
607 2497 655 2576 ad
681 2499 874 2576 internum
907 2522 1062 2577 sensum
1091 2498 1309 2578 referuntur
1339 2500 1472 2603 inquo

339 2625 644 2728 magnificantur,
660 2625 908 2728 protelantur,
929 2623 969 2704 dr
987 2625 1298 2730 multiplicantur,
1314 2627 1352 2704 in
1369 2651 1470 2705 mon·

338 2775 440 2845 sura,
460 2751 671 2844 duratione,
687 2748 728 2829 dr
747 2776 916 2831 numero:
935 2759 975 2829 vt
993 2759 1082 2831 sunt
1101 2778 1187 2856 quae
1201 2755 1470 2832 contrectanda

338 2880 588 2983 phantasticae
607 2907 648 2957 se
680 2881 845 2959 offerunt
863 2880 1045 2958 facultati.
1066 2881 1248 2966 Quaedam
1269 2889 1357 2959 suut
1386 2909 1470 2985 quae

338 3008 377 3085 in
394 3010 525 3086 eodem
545 3015 745 3088 versantur
765 3010 1020 3087 similitudinis
1040 3015 1202 3112 puncto:
1225 3011 1354 3112 vtpotd
1384 3035 1469 3113 quae

337 3134 361 3213 ai
378 3134 499 3214 forma
518 3138 682 3215 eiusdem
702 3138 876 3238 generis,
897 3134 936 3214 dr
956 3138 1168 3214 substantia
1186 3137 1352 3214 eiusdem
1381 3164 1467 3241 spe·

336 3262 406 3339 ciei
425 3264 633 3343 extrahunt
652 3263 858 3367 exemplar.
880 3263 1063 3349 Quaedam
1082 3264 1106 3339 d
1125 3265 1273 3365 propria
1290 3264 1471 3368 propositi

335 3392 548 3471 substantia
567 3394 757 3488 deficiunt,
777 3398 820 3472 vt
839 3400 942 3498 patet
959 3394 996 3470 in
1012 3395 1184 3471 omnibus
1199 3395 1237 3470 in
1257 3394 1392 3497 quibus
1413 3419 1480 3470 so.

334 3517 459 3622 phista
478 3521 666 3600 mendicat
684 3523 708 3600 a
727 3520 830 3614 reali,
847 3517 887 3599 dr
901 3520 1166 3600 vniuersaliter
1181 3546 1242 3597 ars
1262 3519 1466 3599 emulatrix

336 3648 526 3726 tratura.
546 3648 728 3736 Quaedam
749 3652 840 3728 verd
860 3652 952 3729 aded
971 3651 1045 3729 arti
1062 3649 1238 3727 videntur
1253 3651 1468 3752 appropria·

336 3784 389 3857 ta:
410 3782 452 3855 vt
470 3781 511 3855 in
530 3778 672 3857 eisdem
690 3778 864 3859 videatur
891 3778 1128 3858 naturalibus
1156 3778 1308 3856 omuino
1337 3777 1474 3857 suffra·

337 3905 433 4009 gari:
455 3906 538 3985 liaeo
557 3913 645 3986 sunt
664 3907 793 4012 Signa,
812 3908 936 4004 Notae,
957 3908 1221 4000 CharactereS,
1244 3903 1284 3984 dr
1310 3906 1442 4011 Sygilli
1463 3934 1471 3984 :

337 4034 531 4138 inquibus
559 4040 709 4115 tantum
739 4043 887 4140 potest:
918 4048 959 4114 vt
988 4036 1162 4115 videatur
1190 4059 1304 4136 agere
1332 4024 1470 4137 praetor

337 4168 540 4258 naturam,
569 4190 684 4268 supra
711 4172 913 4261 naturam,
942 4164 982 4245 dr
1010 4167 1039 4245 si
1060 4165 1255 4269 negotium
1275 4165 1467 4268 requirat,

341 4296 474 4370 contra
493 4296 681 4371 naturam.
