3344 5124
822 428 862 465 ·-,
885 399 1003 475 ,108-

455 543 570 622 Pluto
589 541 628 619 in
646 542 914 645 Proserpinam
1301 539 1370 619 00

453 675 583 779 Cyane
600 675 641 752 in
660 677 838 778 stagnum
1304 671 1373 750 PP

455 802 651 882 Arachnes
669 802 710 880 in
728 800 846 879 telam
1304 797 1372 885 QQ

454 935 654 1037 Neptunus
674 932 710 1009 in
731 955 870 1036 equum
1293 927 1372 1006 RR
1393 948 1396 952 ⁴

452 1061 582 1149 Pallas
600 1061 641 1139 in
660 1058 801 1138 oliusm
1314 1054 1368 1134 SS

407 1191 567 1271 =1as0n
586 1189 625 1266 in
643 1187 790 1265 Tauros
887 1205 891 1213 ·
960 1235 964 1267 ,-
1306 1190 1372 1266 TT

431 1317 599 1398 'Medaea
615 1315 657 1393 in
677 1316 862 1425 oscabum
883 1315 1021 1393 Esonis
1296 1316 1371 1393 VV

379 1520 384 1529 .
452 1446 623 1524 Theseus
641 1443 681 1522 in
700 1442 910 1546 Scyronem
1297 1443 1373 1522 XX

453 1574 548 1651 Filio
567 1572 647 1650 Nisi
667 1573 705 1650 in
722 1581 924 1675 paternum
944 1572 1089 1652 crinem
1297 1572 1370 1650 YY

452 1700 619 1780 Dedslus
638 1701 679 1776 in
697 1698 846 1779 alarum
864 1707 1098 1780 structuram
1316 1702 1370 1778 ZZ

454 1828 637 1908 Heroules
655 1829 695 1908 in
714 1829 911 1908 Antheum
1323 1825 1369 1910 si

453 1955 640 2061 Orpheeus
659 1956 698 2034 in
718 1953 842 2059 lyram
1323 1953 1370 2032 ΦΦ

452 2085 612 2164 Cicones
632 2084 671 2162 in
691 2082 898 2186 Orphaeum
1139 2062 1143 2069 ⁵
1312 2102 1368 2145 ωω

451 2215 598 2292 Esoous
617 2213 655 2289 in
675 2211 914 2315 precipitium
1277 2192 1280 2197 ⁸
1337 2211 1370 2272 ⁰⁰

453 2340 657 2420 Mennonis
677 2340 713 2417 in
734 2339 970 2443 sepulturam
1052 2410 1060 2423 ,
1325 2348 1368 2423 99

453 2467 573 2545 Arion
593 2467 632 2544 in
652 2466 852 2570 delphines
1321 2478 1369 2539 sn

451 2597 622 2675 Gl'suous
643 2596 680 2674 in
703 2596 874 2674 horbem.
1301 2615 1370 2685 mm

398 2844 438 2920 ln
460 2843 597 2946 quibus
616 2866 691 2919 non
712 2841 920 2947 requiritur
940 2842 1155 2920 necessario
1176 2843 1337 2943 primum
1356 2845 1473 2921 norni-

344 2973 402 3047 nis
431 2970 582 3071 agentis
610 2968 861 3047 relectionis
889 2969 1139 3062 elementum3
1169 2969 1267 3045 idem
1287 2993 1371 3047 esse
1389 2993 1474 3046 oum

343 3098 408 3176 illo
429 3097 538 3175 ouius
567 3101 627 3175 est
654 3096 941 3200 expressiuum:
961 3095 1105 3175 sufficit
1133 3094 1232 3173 enim
1261 3098 1372 3174 ambo
1393 3095 1474 3172 haec

344 3229 596 3310 determinato
615 3226 704 3306 huic
722 3225 972 3336 significando
991 3250 1075 3303 osse
1092 3225 1296 3327 adscripta.
