3344 5124
826 421 865 437 -
886 391 925 449 44
947 418 987 435 ..

649 653 652 658 ’
772 656 948 704 corrosores
966 656 1014 700 vn.
1030 657 1051 699 o

398 863 633 969 Receptione
660 863 871 944 formarum
898 863 984 942 ided
1012 862 1173 941 materia
1199 885 1275 939 non
1302 858 1480 964 impletur

343 987 405 1098 (vt
423 1016 490 1094 per
508 995 691 1069 aeternam
712 1017 902 1071 nouarum
931 988 1212 1069 affectationem
1230 981 1480 1093 protestatur)

344 1117 433 1222 quia
451 1143 522 1196 nec
543 1143 653 1196 veras
672 1118 821 1223 accipit
840 1143 910 1196 nec
930 1119 1021 1196 verd
1039 1115 1175 1220 recipit
1192 1115 1292 1220 quod
1310 1112 1478 1215 recipere

344 1246 509 1325 videtur.
527 1246 614 1324 Non
634 1246 735 1325 euim
749 1272 834 1350 quae
849 1251 939 1325 vere
954 1248 1057 1337 sunt,
1073 1243 1264 1324 sensibilia
1276 1241 1359 1347 ipsa
1372 1245 1475 1334 sunt,

343 1379 459 1479 atque
481 1374 688 1454 indiuidua:
707 1380 752 1455 vt
769 1379 945 1455 autumat
959 1374 1024 1480 qui
1038 1373 1123 1452 haeo
1142 1372 1277 1477 prime,
1292 1367 1477 1475 principa·

341 1499 443 1597 liter,
472 1499 512 1581 dr
540 1504 707 1582 maxime
733 1506 965 1583 substantias
992 1503 1170 1609 appellat.
1200 1501 1307 1588 Quae.
1326 1523 1364 1577 n.
1385 1498 1476 1576 verc'

343 1632 432 1706 sunt
450 1654 601 1732 semper
627 1636 794 1709 manent:
823 1656 908 1735 quae
928 1636 1056 1710 autem
1085 1626 1320 1736 generationi
1340 1625 1473 1706 subia-

343 1762 442 1851 cent,
462 1765 574 1860 atque
594 1759 824 1863 corruptioni
844 1784 919 1837 nou
939 1785 1029 1838 vere
1047 1760 1228 1838 dicuntur
1246 1781 1341 1836 esse.
1362 1753 1473 1840 Quod

342 1907 418 1961 non
429 1882 550 1962 solum
560 1884 701 1962 rectius
711 1884 1064 1990 philosophantibus
1074 1885 1209 1989 placet.
1221 1880 1477 1963 SeddTheo·

342 2011 517 2115 iugorum
536 2009 629 2090 alios
648 2013 822 2091 audimus
843 2014 1072 2092 exteriorem
1100 2012 1292 2091 hominem
1311 2010 1381 2088 snb
1400 2009 1481 2103 hac¹

342 2138 557 2217 conditione
574 2139 741 2218 naturali
763 2142 971 2219 vanitatem
999 2140 1250 2245 appellantes,
1279 2138 1353 2243 Alij
1386 2160 1475 2216 vero

342 2272 482 2346 cuncta
500 2292 585 2372 quae
604 2269 702 2346 fiunt
719 2271 791 2348 sub
810 2270 901 2368 sole,
915 2271 953 2347 id
971 2277 1030 2349 est
1048 2295 1132 2374 quae
1152 2270 1344 2372 regionem
1363 2267 1473 2346 inoo·

342 2393 428 2474 lunt
441 2396 610 2474 materiae
629 2398 885 2477 uniuersalem
904 2399 1088 2478 vanitatis
1108 2403 1235 2477 notam
1254 2396 1382 2476 subire
1401 2420 1474 2474 vo·

340 2521 436 2603 lunt.
458 2525 514 2602 Ab
537 2523 630 2602 ideis
648 2524 778 2629 igitur,
795 2528 842 2604 ab
861 2527 968 2621 ideis,
983 2527 1273 2632 conceptionum
1293 2524 1469 2604 fixionem
1531 2604 1534 2609 .

341 2648 537 2755 perquirat
555 2651 695 2748 anima,
714 2654 745 2731 si
765 2653 960 2758 intelligis.

771 2906 944 2950 CONCEPTVS
961 2907 1046 2950 vitun

396 3107 524 3185 Ideam
544 3110 707 3210 primum
725 3111 929 3191 hominem.
947 3113 1125 3192 Animam
1144 3111 1366 3191 secundum.
1386 3111 1475 3188 Ter·

342 3237 438 3314 tium
457 3240 548 3315 verd
568 3241 673 3333 quasi
692 3242 767 3317 iarn
785 3265 863 3319 nou
883 3241 1073 3320 hominem
1096 3242 1195 3322 dixit
1212 3241 1390 3320 Plotinus
1408 3239 1471 3317 vbi

343 3365 389 3442 de
407 3365 553 3442 ratione
581 3364 833 3445 multitudinis
863 3369 1035 3447 idearum
1063 3370 1248 3449 edisserit.
1277 3367 1474 3472 Dependet

342 3494 531 3571 secundus
550 3495 573 3571 a
592 3496 724 3596 primo,
740 3498 877 3574 tertius
897 3498 919 3573 ai
939 3499 1117 3587 secundo,
1132 3499 1222 3577 dum
1241 3522 1309 3600 per
1326 3495 1474 3575 ordina·

343 3621 497 3716 tionem,
518 3625 839 3717 contractionem,
859 3622 899 3703 dr
918 3629 1229 3731 compositionem
1246 3683 1256 3717 ‚
1276 3625 1473 3704 ordinatur

341 3748 390 3824 ad
410 3745 606 3851 physicam
625 3750 922 3828 subsistentiam.
945 3753 1022 3831 Pro
1042 3753 1330 3859 methaphpsioo
1356 3751 1474 3853 igitur

342 3883 526 3977 conceptu
554 3877 688 3955 tertius
718 3877 899 3955 ascendat
922 3879 962 3956 in
981 3881 1206 3960 secuudum:
1227 3878 1416 3959 secundus
1434 3874 1473 3953 in

343 4026 518 4106 prunum.
