3344 5124
820 370 977 431 ..30-

335 517 392 594 tes
421 514 554 594 umbra
583 513 675 593 eius.
704 514 831 618 Aqua
860 537 1018 617 eaquae
1047 514 1262 617 producunt
1288 513 1327 590 in
1356 513 1466 592 nobis

336 643 625 748 intelligentiam
645 639 685 721 dr
703 642 937 736 memoriam,
956 637 1249 720 deducuntur&
1268 646 1466 720 emanant:

336 773 387 851 Et
401 773 439 850 in
454 797 567 876 quam
583 772 735 851 tandem
750 772 967 849 scandentia
977 796 1109 847 versus
1126 769 1247 847 lucem
1263 768 1462 847 terminan-

334 909 410 981 tur.
430 902 565 998 Hanc,
600 901 658 979 vel
678 901 769 978 huie
788 900 948 979 similem
969 900 1092 1002 figura
1120 906 1198 977 tam
1219 898 1381 990 habent,
1400 898 1463 1001 qui

336 1026 539 1108 Cabalistae
556 1027 745 1120 dicuntur,
775 1028 862 1130 quia
883 1026 1068 1105 velamen.
1083 1027 1181 1131 quod
1211 1031 1294 1103 erat
1322 1025 1464 1129 Typice

337 1180 404 1233 seu
433 1155 638 1259 figuratiud
657 1156 696 1232 in
717 1156 811 1234 facie
836 1156 977 1235 lllosis:
1008 1157 1170 1258 liguratd
1201 1155 1289 1232 vero
1309 1154 1348 1232 in
1368 1154 1464 1231 facie

337 1281 443 1386 legis:
463 1307 539 1361 non
558 1289 642 1363 erat
659 1284 708 1361 ad
728 1285 997 1388 deceptionem3
1018 1285 1083 1362 sed
1112 1285 1158 1361 ad
1179 1284 1351 1361 ordinate
1369 1308 1456 1386 pro·

336 1409 539 1488 monendos
560 1411 754 1488 hominum
774 1411 915 1505 oculos,
931 1413 968 1489 in
990 1414 1123 1516 quibus
1144 1411 1280 1489 accidit
1308 1410 1412 1488 laesio
1429 1413 1460 1489 si

335 1542 490 1644 repente'
508 1541 553 1619 de
573 1541 739 1619 tenebris
760 1542 797 1620 in
818 1540 941 1619 lucem
956 1546 1266 1646 promoueantur.

389 1666 519 1774 Neque
549 1669 649 1747 enim
673 1672 810 1747 natura
842 1670 985 1771 patitur
1012 1667 1260 1747 inmediatuur
1293 1694 1465 1773 progres-

334 1821 419 1877 sum
438 1799 486 1876 ah
506 1822 580 1876 vno
600 1802 868 1875 extraemorum
888 1797 934 1873 ad
954 1796 1128 1874 alterum:
1146 1796 1211 1874 sed
1228 1796 1370 1874 vmbris
1389 1822 1465 1874 me·

332 1925 547 2019 dantibus,
576 1926 875 2028 adumbratdque
893 1924 1033 2002 lumino
1054 1925 1206 2003 sensim.
1238 1925 1460 2003 Naturalem

333 2057 483 2135 videndi
503 2056 711 2158 potentiam
740 2055 935 2159 perdidere
962 2056 1132 2134 nonnulli
1163 2056 1207 2132 de
1229 2056 1393 2134 tenebris
1422 2056 1462 2132 in

331 2185 566 2288 repentinam
584 2183 708 2262 lucem
726 2185 956 2287 prodeuntes
971 2189 1122 2263 tantum
1136 2187 1243 2263 abest
1258 2192 1301 2262 vt
1315 2185 1466 2290 perqui-

332 2315 405 2392 sito
426 2314 637 2416 potirentur
655 2312 814 2390 obiecto.
838 2312 980 2391 Vmbra
998 2312 1117 2417 igitur
1139 2314 1264 2392 visum
1284 2324 1464 2417 preparat

332 2441 381 2521 ad
400 2442 534 2521 lucem.
556 2440 703 2518 Vmbra
720 2441 843 2519 lucem
862 2446 1060 2544 temperat.
1083 2442 1159 2518 Per
1179 2443 1352 2520 umbram
1372 2442 1464 2519 diui-

335 2573 436 2649 nitas
455 2569 565 2648 0culo
593 2571 816 2659 esurientia,
846 2571 1079 2673 sitientisque
1108 2572 1243 2650 animae
1274 2571 1465 2677 caliganti.
1547 2603 1553 2615 ·

333 2700 490 2777 nuncias
510 2724 636 2776 rerum
657 2699 799 2802 species
820 2703 1017 2800 temperat,
1045 2707 1158 2803 atque
1178 2702 1365 2804 propinat.
1387 2701 1463 2777 Eas

330 2827 447 2932 igitur
466 2828 618 2904 umbras
638 2852 722 2931 quae
741 2852 817 2906 non
838 2830 1052 2933 extingunt:
1072 2831 1136 2907 sed
1157 2836 1325 2916 seruant,
1345 2836 1462 2933 atque

333 2956 550 3036 custodiunt
569 2957 690 3034 lucem
709 2956 748 3032 in
766 2956 885 3050 nohis;
903 2954 943 3036 dr
958 2984 1026 3061 per
1040 2983 1133 3061 quas
1148 2958 1193 3035 ed
1214 2960 1459 3045 intellectum,

333 3092 446 3190 atque
465 3083 684 3162 memoriam
705 3107 983 3187 premonemur,
1004 3093 1117 3189 atque
1138 3087 1390 3190 perducimur.
1408 3112 1465 3162 re·

331 3237 528 3317 cognosce.

727 3496 898 3550 INTENTIO
926 3496 1005 3550 XVI.
1034 3498 1067 3558 Q.

386 3728 508 3807 lusuo
527 3753 667 3829 genere
686 3729 782 3807 dixit
797 3729 1013 3834 Theologus
1029 3732 1101 3809 nisi
1121 3731 1371 3826 credideritis,
1388 3757 1461 3809 non

332 3855 561 3960 intelligetis:
578 3854 618 3936 dr
633 3856 672 3934 in
689 3882 757 3935 suo
772 3883 911 3960 genere
930 3860 1159 3939 confirmant
1178 3860 1393 3964 philosophi
1412 3886 1459 3938 ex

332 3984 519 4062 concessis
535 3984 741 4088 positisque
756 3987 801 4063 iis
816 4013 976 4090 quorum
993 3991 1085 4069 fides
1101 4016 1185 4068 esse
1205 3992 1342 4068 dicitur
1360 3990 1462 4099 (quae

332 4108 424 4188 fides
444 4111 542 4213 apud
573 4112 851 4217 Pythagoricos
880 4123 961 4193 erat
991 4117 1037 4195 de
1066 4143 1144 4197 non
1163 4120 1461 4214 demonstratis,

331 4238 428 4342 apud
440 4238 776 4342 Peripateticos-de
791 4269 867 4322 non
884 4245 1248 4340 demonstrabilibus,
1264 4251 1362 4351 apud
1374 4251 1463 4327 Pla·

333 4367 479 4447 tonicos
498 4367 543 4444 do
562 4368 748 4475 utrisque)
767 4375 1010 4478 aucupandas
1029 4403 1110 4456 esse
1135 4378 1325 4459 scientias:
1346 4375 1385 4458 dr
1416 4404 1463 4455 ex
