3344 5124
848 377 888 398 ..
908 350 951 411 το
970 380 1010 399 -

905 602 955 684 V.

412 864 507 945 Haec
521 889 670 971 quoque
688 863 886 970 dupliciter
908 863 1095 969 contingit
1122 863 1328 943 vsuuenire
1347 863 1449 942 anim
1457 890 1495 944 a·

356 996 409 1073 ta.
440 1019 472 1071 s.
505 988 783 1072 &inanimata
813 994 991 1073 Animata
1019 994 1169 1088 quidem
1196 1018 1284 1073 cum
1315 993 1492 1074 subiecta

352 1121 593 1202 substantioe
602 1121 798 1202 adiectinis
809 1117 1484 1227 apparebuntillustria,&insignita

355 1275 440 1358 quae
469 1236 619 1356 quidem
651 1251 939 1329 aduentantium
966 1251 1188 1344 formarum,
1218 1249 1380 1331 decursu
1410 1277 1486 1330 mo·

355 1384 528 1458 neantur:
547 1376 586 1454 in
606 1375 775 1455 animata
795 1400 885 1454 vero
914 1400 1002 1454 num
1027 1401 1148 1454 vacua
1171 1375 1417 1479 proferuntur
1449 1373 1489 1456 dn

353 1505 495 1585 inania.
517 1504 661 1585 Caueto
691 1505 809 1609 igitur
840 1529 889 1582 ne
922 1504 1119 1607 vulgatum
1152 1503 1244 1582 illud
1263 1504 1485 1607 experiaris.

354 1627 490 1707 Vacua
503 1627 647 1706 vacuis,
663 1627 817 1706 frustra.
831 1651 870 1704 n.
886 1626 1055 1730 sperabis
1071 1626 1108 1703 in
1125 1627 1219 1704 artie
1235 1625 1347 1705 huius
1362 1626 1484 1731 praxi,

354 1758 453 1860 quod
472 1756 591 1835 aiunt.
610 1756 785 1835 Parietes
804 1754 1032 1835 clamabunt:
1056 1752 1200 1858 lapides
1236 1754 1381 1833 dabunt
1408 1780 1482 1832 vo·

355 1908 437 1961 cem
458 1909 580 1962 suam.

885 2121 953 2200 VI.

404 2355 610 2436 Committe
621 2360 838 2440 communia
849 2360 1120 2454 communibus
1133 2359 1257 2438 minus
1267 2358 1484 2437 communia

348 2481 471 2562 minue
490 2484 769 2581 communibus,
790 2487 943 2591 propria
963 2487 1137 2590 propriis3
1154 2485 1414 2591 proprioribus
1430 2493 1484 2564 at·

348 2639 422 2717 que
441 2615 709 2719 propriissimis
724 2619 935 2723 propriora,
964 2622 1078 2723 atque
1106 2619 1378 2721 propriissime.
1408 2617 1483 2697 Hic

346 2740 462 2820 habes
491 2744 753 2822 considerandi
786 2745 912 2824 locum
947 2772 1021 2850 quo
1054 2771 1128 2825 non
1162 2747 1272 2824 modo
1306 2747 1353 2824 ab
1378 2745 1480 2824 omni

346 2868 546 2947 obliuionis
565 2870 764 2950 formidine
784 2881 981 2977 exemptus
1000 2876 1090 2970 fies;
1113 2900 1246 2953 verum
1266 2900 1414 2978 quoque
1432 2875 1480 2951 ad

347 2995 590 3098 perfectiores
610 2997 804 3102 effigiandi
824 2997 864 3078 dr
884 3001 1109 3081 inscribendi
1130 3027 1232 3095 usus,
1247 3003 1340 3079 item
1354 3001 1392 3078 in
1413 3027 1479 3079 or·

346 3123 511 3202 dinaudo
527 3121 567 3202 dc
582 3127 802 3204 methodum
820 3128 1084 3208 methodorum
1099 3130 1339 3221 inueniendo‚
1357 3153 1480 3232 prom·

350 3252 450 3352 ptior
477 3255 592 3354 atque
624 3254 793 3332 securior
825 3255 1013 3334 efficiaris.
1042 3258 1093 3335 Et
1112 3258 1227 3334 babes
1246 3256 1347 3335 istud
1367 3257 1477 3335 modo

350 3404 421 3458 suo
440 3378 480 3458 in
500 3379 689 3460 radicibus
709 3383 818 3484 primi
834 3382 963 3463 Clanis
978 3409 1142 3489 magnae.

883 3658 967 3737 VII.

398 3934 482 4014 Sint
501 3937 692 4016 naturalia
710 3937 836 4016 omnia
851 3935 891 4015 dr
907 3937 966 4014 vel
978 3936 1162 4041 pbisicam
1185 3934 1242 4013 vel
1261 3931 1474 4011 technicam

344 4063 546 4142 admittant
574 4065 747 4143 formam.
776 4063 861 4143 Sint
885 4065 1014 4142 formis
1034 4062 1244 4168 effigiandis
1264 4061 1475 4165 quantitate

344 4192 641 4294 proportionata,
654 4194 713 4271 vbi
726 4194 1153 4295 illudmeminerisqnod
1174 4198 1311 4271 natura
1331 4191 1472 4269 clamat

345 4321 652 4424 suprascriptum
671 4323 709 4399 in
725 4321 921 4425 speciebus
941 4323 988 4400 ad
1008 4321 1213 4400 maximum
1235 4317 1275 4398 dr
1294 4321 1341 4397 ad
1362 4320 1474 4398 mini-
