3344 5124
841 370 1048 431 -18-·

353 517 509 597 dandus.
542 517 603 595 lsti
633 514 775 594 similes
803 540 889 592 oum
917 513 1059 591 luerint
1080 511 1320 590 Aristotelia
1349 510 1483 613 repleti

352 644 487 747 spiritu
514 640 575 750 (vt
601 643 678 721 iam
707 641 857 721 vocales
888 638 928 719 dc
956 640 1214 744 progressiuos
1233 639 1350 717 libros
1369 639 1482 716 liceat

352 773 494 851 videre.
523 772 588 851 vbi
617 770 805 850 audierint
833 770 895 848 vel
922 769 1097 874 legerint.
1128 770 1184 847 De
1211 769 1354 847 vmbris
1382 766 1484 844 Idea·

352 921 449 975 rum:
479 898 556 976 iam
585 899 701 975 verbo
730 897 929 974 haerebunt
949 896 1130 990 dicentes,
1150 896 1266 974 idaeas
1285 921 1367 972 esso
1387 917 1483 972 som·

353 1026 431 1120 nia,
450 1025 512 1106 vel
532 1031 713 1105 monstra.
733 1051 826 1128 quas
845 1030 926 1103 esto
955 1023 1270 1119 concesserim,
1301 1023 1486 1128 quaeritur

351 1178 398 1231 an
414 1155 514 1256 quod
532 1177 659 1231 rerum
682 1162 829 1231 naturae
849 1152 1118 1247 conformatur,
1140 1151 1411 1230 conuenienter
1430 1150 1484 1227 di·

354 1287 464 1361 catur
478 1307 633 1362 currere
648 1285 717 1360 sub
733 1282 875 1359 vmbris
891 1282 1089 1359 idaearuml
1101 1282 1272 1359 Rursum
1283 1280 1345 1357 vbi
1361 1279 1482 1356 incur·

354 1411 476 1488 rerint
492 1409 615 1489 locum
636 1409 898 1488 ratiocinantis
919 1409 1080 1487 animae.
1101 1409 1260 1487 Iordane
1280 1406 1482 1513 (inquient)

352 1535 427 1614 iam
442 1535 604 1613 animam
620 1540 751 1613 texere
767 1535 859 1612 dicis
875 1533 934 1612 vel
950 1535 1068 1613 filare.
1086 1533 1268 1615 Similiter
1292 1532 1332 1613 dr
1347 1535 1385 1612 in
1401 1535 1485 1612 aliis

351 1664 575 1767 quibusdam
601 1666 740 1744 buccas
768 1663 967 1758 inflantes,
987 1686 1054 1766 per
1081 1663 1274 1741 internum
1293 1664 1483 1765 quendam

351 1792 497 1871 bostem
521 1795 544 1869 a
570 1792 716 1871 fruetus
744 1791 854 1870 istius
881 1791 1088 1895 disciplinae
1117 1792 1404 1896 participatione
1431 1792 1483 1868 di·

351 1925 563 2001 uertentur.
581 1920 725 2007 Quibus
746 1921 817 1998 hoc
837 1920 1068 1999 manifestari
1090 1920 1276 2000 volumus.
1295 1921 1375 1999 Nos
1394 1946 1483 2023 quo·

351 2072 424 2151 que
439 2047 477 2124 in
492 2046 623 2124 iisdem
638 2070 723 2124 curn
739 2047 862 2124 minus
878 2071 1096 2149 saperemus
1112 2072 1285 2126 versasse
1299 2049 1481 2142 animum,

352 2180 455 2252 tunc.
484 2199 521 2252 n.
542 2170 602 2280 (vt
620 2197 688 2276 par
707 2173 805 2277 erat)
823 2173 896 2250 fide
915 2174 961 2251 ad
981 2174 1156 2252 scientias
1182 2176 1386 2276 captandas
1405 2179 1484 2255 vte-

351 2299 498 2377 bamur.
526 2299 636 2376 Nunc
660 2323 751 2378 vero
780 2298 841 2376 vbi
870 2323 1049 2402 superum
1075 2299 1270 2395 beneficio,
1291 2302 1485 2406 acquisitis

354 2421 394 2502 dr
422 2424 588 2505 inuentis
616 2426 665 2503 ad
693 2423 892 2503 ulteriores
921 2425 1092 2529 proprios
1120 2433 1227 2506 actus
1262 2428 1318 2507 vti
1345 2453 1484 2532 possu-

355 2580 439 2633 mus
468 2555 563 2634 citra
582 2556 892 2634 contradictionis
912 2556 1051 2634 iustam
1082 2562 1222 2641 notam:
1249 2558 1289 2636 Si
1317 2583 1480 2637 commo·

353 2680 423 2758 dus
452 2685 511 2758 est
539 2681 756 2760 Platonicus
786 2683 969 2760 terminus
998 2678 1038 2760 dr
1066 2685 1223 2761 intentio
1251 2683 1477 2761 commoda:

290 2828 296 2841 ·
353 2814 584 2914 acceptatur.
619 2812 659 2890 Si
688 2837 834 2915 quoque
873 2812 1137 2914 Peripateticae
1173 2811 1401 2890 intentiones
1438 2810 1485 2888 ad

355 2941 536 3019 maiorem
556 2941 610 3020 rei
635 2941 673 3019 in
703 2942 774 3019 hac
802 2945 884 3018 arte
913 2940 1057 3018 faciunt
1085 2941 1377 3044 expressionem3
1399 2939 1485 3015 fide·

353 3066 441 3145 liter
468 3069 733 3148 admittuntur.
766 3069 823 3147 De
851 3069 933 3147 aliis
962 3069 1135 3147 similiter
1163 3069 1361 3148 iudicetur.
1398 3067 1483 3144 Non

355 3194 456 3271 enim
484 3195 694 3297 reperimus
722 3220 842 3273 vnum
869 3197 1053 3275 artificem
1083 3197 1142 3301 qui
1174 3196 1300 3274 omnia
1323 3194 1390 3272 vni
1422 3220 1485 3272 ne·

354 3322 519 3401 cessaria
547 3322 724 3425 proferat.
752 3324 838 3401 Non
866 3325 978 3420 idem,
1003 3327 1168 3429 inquam,
1199 3324 1374 3419 Galeam,
1393 3348 1483 3402 scu-

355 3453 476 3546 thum,
497 3476 639 3546 ensem,
661 3452 823 3547 hastilia,
844 3453 997 3548 vexilla,
1018 3454 1240 3557 timpanum,
1256 3455 1399 3548 tubam,
1415 3477 1485 3529 oae-

356 3585 512 3682 teraque
527 3579 655 3657 omnia
669 3580 800 3658 militis
815 3586 1053 3660 armamenta
1067 3583 1258 3677 conflabit,
1279 3586 1391 3686 atque
1406 3607 1486 3685 per·

356 3706 470 3785 ficiet.
500 3707 558 3785 Ita
586 3708 742 3804 maiora,
771 3709 931 3791 aliarum
960 3711 1221 3790 inuentionum
1250 3711 1485 3789 tentantibus

355 3862 472 3939 opera
499 3862 577 3915 non
606 3838 720 3918 solius
749 3838 966 3918 Aristotelis
994 3839 1238 3942 Platonisque
1257 3839 1375 3917 solius
1404 3838 1486 3915 olfi-

355 3963 441 4042 cina
468 3963 655 4042 sufficiet:
690 3963 924 4070 Quandoque
956 3964 1068 4044 etiam
1097 3963 1236 4069 (ipsum
1266 3988 1425 4067 queraro
1454 3963 1485 4039 si

356 4095 545 4173 consuetis
565 4095 619 4172 vti
639 4095 851 4175 videbimur
878 4092 1085 4199 terminist)
1113 4093 1205 4172 illud
1224 4094 1306 4171 ideo
1327 4103 1384 4170 est
1411 4116 1487 4169 non

357 4221 445 4325 quia
472 4246 549 4300 non
569 4230 770 4301 consuetas
790 4251 856 4329 per
875 4250 940 4302 eos
965 4224 1156 4327 explicare
1182 4223 1354 4328 cupimus
1373 4223 1489 4299 inlan-

355 4350 490 4429 tiones.
502 4351 579 4429 Per
598 4351 819 4431 uniuersum
838 4359 968 4433 autem
987 4353 1147 4433 diuersis
1175 4353 1370 4433 variorum
1398 4348 1487 4454 phi-
