<?xml version="1.0" encoding="UTF-8"?>
<!DOCTYPE html PUBLIC "-//W3C//DTD XHTML 1.0 Transitional//EN"
    "http://www.w3.org/TR/xhtml1/DTD/xhtml1-transitional.dtd">
<html xmlns="http://www.w3.org/1999/xhtml" xml:lang="en" lang="en">
 <head>
  <title>
</title>
<meta http-equiv="Content-Type" content="text/html;charset=utf-8" />
  <meta name='ocr-system' content='tesseract 3.04.00' />
  <meta name='ocr-capabilities' content='ocr_page ocr_carea ocr_par ocr_line ocrx_word'/>
</head>
<body>
  <div class='ocr_page' id='page_1' title='image "./jordanibruninol06brungoog_0095.png"; bbox 0 0 3344 5124; ppageno 0'>
   <div class='ocr_carea' id='block_1_1' title="bbox 832 371 992 430">
    <p class='ocr_par' dir='ltr' id='par_1_1' title="bbox 832 371 992 430">
     <span class='ocr_line' id='line_1_1' title="bbox 832 371 992 430; baseline 0.013 -13"><span class='ocrx_word' id='word_1_1' title='bbox 832 405 871 417; x_wconf 92' lang='lat'><strong>...</strong></span> <span class='ocrx_word' id='word_1_2' title='bbox 892 371 992 430; x_wconf 83' lang='lat'><strong>86.-</strong></span> 
     </span>
    </p>
   </div>
   <div class='ocr_carea' id='block_1_2' title="bbox 283 516 1484 4456">
    <p class='ocr_par' dir='ltr' id='par_1_2' title="bbox 283 516 1484 4456">
     <span class='ocr_line' id='line_1_2' title="bbox 283 516 1484 621; baseline -0.002 -21"><span class='ocrx_word' id='word_1_3' title='bbox 283 595 286 600; x_wconf 85' lang='lat'><em>.</em></span> <span class='ocrx_word' id='word_1_4' title='bbox 343 517 630 621; x_wconf 77' lang='lat' dir='ltr'>prehendatur:</span> <span class='ocrx_word' id='word_1_5' title='bbox 660 517 886 620; x_wconf 90' lang='lat' dir='ltr'><strong>quandoque</strong></span> <span class='ocrx_word' id='word_1_6' title='bbox 905 540 996 594; x_wconf 90' lang='lat' dir='ltr'><strong>vero</strong></span> <span class='ocrx_word' id='word_1_7' title='bbox 1025 518 1105 595; x_wconf 90' lang='lat' dir='ltr'><strong>eius</strong></span> <span class='ocrx_word' id='word_1_8' title='bbox 1132 516 1340 597; x_wconf 91' lang='lat' dir='ltr'><strong>intentione</strong></span> <span class='ocrx_word' id='word_1_9' title='bbox 1359 519 1484 598; x_wconf 87' lang='lat' dir='ltr'><strong>forma</strong></span> 
     </span>
     <span class='ocr_line' id='line_1_3' title="bbox 343 644 1480 743; baseline 0.004 -20"><span class='ocrx_word' id='word_1_10' title='bbox 343 670 421 724; x_wconf 96' lang='lat' dir='ltr'><strong>non</strong></span> <span class='ocrx_word' id='word_1_11' title='bbox 445 646 609 723; x_wconf 80' lang='lat' dir='ltr'><strong>exuitur.</strong></span> <span class='ocrx_word' id='word_1_12' title='bbox 630 644 730 723; x_wconf 87' lang='lat' dir='ltr'><strong>Hinc</strong></span> <span class='ocrx_word' id='word_1_13' title='bbox 748 644 791 721; x_wconf 88' lang='lat' dir='ltr'><strong>fit</strong></span> <span class='ocrx_word' id='word_1_14' title='bbox 806 649 848 722; x_wconf 91' lang='lat' dir='ltr'><strong>vt</strong></span> <span class='ocrx_word' id='word_1_15' title='bbox 864 669 950 723; x_wconf 92' lang='lat' dir='ltr'><strong>cum</strong></span> <span class='ocrx_word' id='word_1_16' title='bbox 965 645 1086 722; x_wconf 90' lang='lat' dir='ltr'><strong>multa</strong></span> <span class='ocrx_word' id='word_1_17' title='bbox 1105 645 1216 723; x_wconf 87' lang='lat' dir='ltr'><strong>simul</strong></span> <span class='ocrx_word' id='word_1_18' title='bbox 1233 647 1480 743; x_wconf 80' lang='lat' dir='ltr'><strong>retineamus,</strong></span> 
     </span>
     <span class='ocr_line' id='line_1_4' title="bbox 346 773 1484 879; baseline 0.001 -27"><span class='ocrx_word' id='word_1_19' title='bbox 346 774 465 852; x_wconf 89' lang='lat' dir='ltr'><strong>multa</strong></span> <span class='ocrx_word' id='word_1_20' title='bbox 490 773 604 854; x_wconf 89' lang='lat' dir='ltr'><strong>simul</strong></span> <span class='ocrx_word' id='word_1_21' title='bbox 622 774 823 878; x_wconf 82' lang='lat' dir='ltr'><strong>imaginari</strong></span> <span class='ocrx_word' id='word_1_22' title='bbox 842 798 918 851; x_wconf 92' lang='lat' dir='ltr'><strong>non</strong></span> <span class='ocrx_word' id='word_1_23' title='bbox 938 773 1136 876; x_wconf 87' lang='lat' dir='ltr'><strong>possimus.</strong></span> <span class='ocrx_word' id='word_1_24' title='bbox 1163 773 1208 851; x_wconf 93' lang='lat' dir='ltr'><strong>In</strong></span> <span class='ocrx_word' id='word_1_25' title='bbox 1226 775 1271 851; x_wconf 89' lang='lat' dir='ltr'><strong>iis</strong></span> <span class='ocrx_word' id='word_1_26' title='bbox 1300 800 1392 879; x_wconf 84' lang='lat' dir='ltr'><strong>ergo</strong></span> <span class='ocrx_word' id='word_1_27' title='bbox 1410 778 1484 854; x_wconf 91' lang='lat' dir='ltr'><strong>hoc</strong></span> 
     </span>
     <span class='ocr_line' id='line_1_5' title="bbox 344 899 1481 1005; baseline 0.001 -26"><span class='ocrx_word' id='word_1_28' title='bbox 344 905 403 979; x_wconf 90' lang='lat' dir='ltr'><strong>est</strong></span> <span class='ocrx_word' id='word_1_29' title='bbox 425 901 523 1004; x_wconf 93' lang='lat' dir='ltr'><strong>quod</strong></span> <span class='ocrx_word' id='word_1_30' title='bbox 545 902 625 1005; x_wconf 84' lang='lat' dir='ltr'><strong>agit</strong></span> <span class='ocrx_word' id='word_1_31' title='bbox 638 902 948 996; x_wconf 76' lang='lat' dir='ltr'><strong>instrumentum,</strong></span> <span class='ocrx_word' id='word_1_32' title='bbox 964 899 1166 994; x_wconf 84' lang='lat' dir='ltr'><strong>Discernit,</strong></span> <span class='ocrx_word' id='word_1_33' title='bbox 1182 900 1431 980; x_wconf 85' lang='lat' dir='ltr'><strong>Disterminat</strong></span> <span class='ocrx_word' id='word_1_34' title='bbox 1442 900 1481 980; x_wconf 98' lang='grc'><strong>81</strong></span> 
     </span>
     <span class='ocr_line' id='line_1_6' title="bbox 344 1027 1481 1134; baseline -0.002 -24"><span class='ocrx_word' id='word_1_35' title='bbox 344 1029 506 1110; x_wconf 89' lang='lat' dir='ltr'><strong>Ordinat</strong></span> <span class='ocrx_word' id='word_1_36' title='bbox 524 1029 584 1107; x_wconf 90' lang='lat' dir='ltr'><strong>vel</strong></span> <span class='ocrx_word' id='word_1_37' title='bbox 614 1030 661 1134; x_wconf 92' lang='lat' dir='ltr'><strong>(si</strong></span> <span class='ocrx_word' id='word_1_38' title='bbox 681 1029 797 1108; x_wconf 90' lang='lat' dir='ltr'><strong>libeat</strong></span> <span class='ocrx_word' id='word_1_39' title='bbox 816 1029 937 1129; x_wconf 80' lang='lat' dir='ltr'><strong>magis</strong></span> <span class='ocrx_word' id='word_1_40' title='bbox 957 1027 1159 1106; x_wconf 88' lang='lat' dir='ltr'><strong>iustificate</strong></span> <span class='ocrx_word' id='word_1_41' title='bbox 1184 1027 1301 1132; x_wconf 91' lang='lat' dir='ltr'><strong>loqui)</strong></span> <span class='ocrx_word' id='word_1_42' title='bbox 1329 1035 1388 1108; x_wconf 90' lang='lat' dir='ltr'><strong>est</strong></span> <span class='ocrx_word' id='word_1_43' title='bbox 1406 1055 1481 1133; x_wconf 94' lang='lat' dir='ltr'><strong>quo</strong></span> 
     </span>
     <span class='ocr_line' id='line_1_7' title="bbox 344 1155 1479 1260; baseline -0.002 -24"><span class='ocrx_word' id='word_1_44' title='bbox 344 1159 388 1236; x_wconf 90' lang='lat' dir='ltr'><strong>fit</strong></span> <span class='ocrx_word' id='word_1_45' title='bbox 406 1158 612 1250; x_wconf 90' lang='lat' dir='ltr'><strong>Discretio,</strong></span> <span class='ocrx_word' id='word_1_46' title='bbox 634 1157 941 1251; x_wconf 89' lang='lat' dir='ltr'><strong>Distermiuatio,</strong></span> <span class='ocrx_word' id='word_1_47' title='bbox 963 1155 1174 1234; x_wconf 90' lang='lat' dir='ltr'><strong>Ordinatio.</strong></span> <span class='ocrx_word' id='word_1_48' title='bbox 1198 1157 1306 1233; x_wconf 92' lang='lat' dir='ltr'><strong>Vnde</strong></span> <span class='ocrx_word' id='word_1_49' title='bbox 1334 1159 1358 1234; x_wconf 79' lang='grc'><strong>1</strong></span> <span class='ocrx_word' id='word_1_50' title='bbox 1381 1158 1479 1260; x_wconf 88' lang='lat' dir='ltr'><strong>cogi·</strong></span> 
     </span>
     <span class='ocr_line' id='line_1_8' title="bbox 343 1287 1480 1390; baseline 0.001 -26"><span class='ocrx_word' id='word_1_51' title='bbox 343 1287 465 1367; x_wconf 80' lang='grc'><strong>111111</strong></span> <span class='ocrx_word' id='word_1_52' title='bbox 486 1287 683 1390; x_wconf 87' lang='lat' dir='ltr'><strong>seponitur</strong></span> <span class='ocrx_word' id='word_1_53' title='bbox 702 1287 771 1363; x_wconf 89' lang='lat' dir='ltr'><strong>sibi</strong></span> <span class='ocrx_word' id='word_1_54' title='bbox 791 1289 827 1364; x_wconf 92' lang='lat' dir='ltr'><strong>in</strong></span> <span class='ocrx_word' id='word_1_55' title='bbox 843 1290 1083 1390; x_wconf 88' lang='lat' dir='ltr'><strong>prospectum</strong></span> <span class='ocrx_word' id='word_1_56' title='bbox 1099 1311 1264 1388; x_wconf 89' lang='lat' dir='ltr'><strong>praesens</strong></span> <span class='ocrx_word' id='word_1_57' title='bbox 1286 1288 1330 1365; x_wconf 92' lang='lat' dir='ltr'><strong>de</strong></span> <span class='ocrx_word' id='word_1_58' title='bbox 1350 1288 1480 1365; x_wconf 88' lang='lat' dir='ltr'><strong>multis</strong></span> 
     </span>
     <span class='ocr_line' id='line_1_9' title="bbox 344 1413 1481 1519; baseline 0.002 -29"><span class='ocrx_word' id='word_1_59' title='bbox 344 1438 471 1509; x_wconf 91' lang='lat' dir='ltr'><strong>vnum,</strong></span> <span class='ocrx_word' id='word_1_60' title='bbox 495 1438 612 1493; x_wconf 88' lang='lat' dir='ltr'><strong>vnum</strong></span> <span class='ocrx_word' id='word_1_61' title='bbox 627 1414 780 1514; x_wconf 90' lang='lat' dir='ltr'><strong>inquam</strong></span> <span class='ocrx_word' id='word_1_62' title='bbox 800 1415 1049 1518; x_wconf 82' lang='lat' dir='ltr'><strong>imaginatum</strong></span> <span class='ocrx_word' id='word_1_63' title='bbox 1068 1413 1125 1490; x_wconf 88' lang='lat' dir='ltr'><strong>vel</strong></span> <span class='ocrx_word' id='word_1_64' title='bbox 1142 1415 1253 1491; x_wconf 88' lang='lat' dir='ltr'><strong>vuius</strong></span> <span class='ocrx_word' id='word_1_65' title='bbox 1277 1415 1481 1519; x_wconf 83' lang='lat' dir='ltr'><strong>imaginem</strong></span> 
     </span>
     <span class='ocr_line' id='line_1_10' title="bbox 340 1541 1482 1648; baseline 0.004 -31"><span class='ocrx_word' id='word_1_66' title='bbox 340 1541 386 1620; x_wconf 93' lang='lat' dir='ltr'><strong>de</strong></span> <span class='ocrx_word' id='word_1_67' title='bbox 400 1542 529 1621; x_wconf 92' lang='lat' dir='ltr'><strong>multis</strong></span> <span class='ocrx_word' id='word_1_68' title='bbox 550 1541 705 1621; x_wconf 90' lang='lat' dir='ltr'><strong>retentis</strong></span> <span class='ocrx_word' id='word_1_69' title='bbox 720 1542 846 1620; x_wconf 85' lang='lat' dir='ltr'><strong>educit</strong></span> <span class='ocrx_word' id='word_1_70' title='bbox 860 1543 900 1620; x_wconf 91' lang='lat' dir='ltr'><strong>in</strong></span> <span class='ocrx_word' id='word_1_71' title='bbox 915 1544 1162 1647; x_wconf 92' lang='lat' dir='ltr'><strong>propositum:</strong></span> <span class='ocrx_word' id='word_1_72' title='bbox 1173 1543 1224 1621; x_wconf 85' lang='lat' dir='ltr'><strong>Et</strong></span> <span class='ocrx_word' id='word_1_73' title='bbox 1235 1543 1334 1624; x_wconf 90' lang='lat' dir='ltr'><strong>sicut</strong></span> <span class='ocrx_word' id='word_1_74' title='bbox 1348 1545 1482 1648; x_wconf 84' lang='lat' dir='ltr'><strong>imagi·</strong></span> 
     </span>
     <span class='ocr_line' id='line_1_11' title="bbox 339 1671 1479 1776; baseline 0.001 -26"><span class='ocrx_word' id='word_1_75' title='bbox 339 1671 471 1750; x_wconf 92' lang='lat' dir='ltr'><strong>natiua</strong></span> <span class='ocrx_word' id='word_1_76' title='bbox 491 1671 809 1773; x_wconf 88' lang='lat' dir='ltr'><strong>comprehendere</strong></span> <span class='ocrx_word' id='word_1_77' title='bbox 825 1671 973 1761; x_wconf 89' lang='lat' dir='ltr'><strong>dieitur,</strong></span> <span class='ocrx_word' id='word_1_78' title='bbox 986 1671 1073 1774; x_wconf 90' lang='lat' dir='ltr'><strong>quid</strong></span> <span class='ocrx_word' id='word_1_79' title='bbox 1088 1672 1168 1748; x_wconf 92' lang='lat' dir='ltr'><strong>eius</strong></span> <span class='ocrx_word' id='word_1_80' title='bbox 1185 1674 1283 1774; x_wconf 93' lang='lat' dir='ltr'><strong>quod</strong></span> <span class='ocrx_word' id='word_1_81' title='bbox 1298 1675 1322 1749; x_wconf 82' lang='grc'><strong>1</strong></span> <span class='ocrx_word' id='word_1_82' title='bbox 1336 1674 1479 1776; x_wconf 84' lang='grc'><strong>1111111</strong></span> 
     </span>
     <span class='ocr_line' id='line_1_12' title="bbox 341 1794 1478 1900; baseline 0.002 -28"><span class='ocrx_word' id='word_1_83' title='bbox 341 1795 455 1872; x_wconf 92' lang='lat' dir='ltr'><strong>estin</strong></span> <span class='ocrx_word' id='word_1_84' title='bbox 480 1795 623 1896; x_wconf 90' lang='lat' dir='ltr'><strong>pariete</strong></span> <span class='ocrx_word' id='word_1_85' title='bbox 642 1794 899 1899; x_wconf 84' lang='lat' dir='ltr'><strong>descriptum3</strong></span> <span class='ocrx_word' id='word_1_86' title='bbox 921 1795 1290 1899; x_wconf 90' lang='lat' dir='ltr'><strong>rememoratiuaque</strong></span> <span class='ocrx_word' id='word_1_87' title='bbox 1305 1795 1406 1875; x_wconf 92' lang='lat' dir='ltr'><strong>illius</strong></span> <span class='ocrx_word' id='word_1_88' title='bbox 1426 1799 1478 1900; x_wconf 89' lang='lat' dir='ltr'><strong>pi·</strong></span> 
     </span>
     <span class='ocr_line' id='line_1_13' title="bbox 345 1923 1478 2024; baseline 0.004 -25"><span class='ocrx_word' id='word_1_89' title='bbox 345 1927 463 2001; x_wconf 88' lang='lat' dir='ltr'><strong>cturae</strong></span> <span class='ocrx_word' id='word_1_90' title='bbox 484 1923 622 2001; x_wconf 90' lang='lat' dir='ltr'><strong>retinet</strong></span> <span class='ocrx_word' id='word_1_91' title='bbox 640 1923 914 2001; x_wconf 90' lang='lat' dir='ltr'><strong>intentionem:</strong></span> <span class='ocrx_word' id='word_1_92' title='bbox 944 1924 997 2000; x_wconf 88' lang='grc'><strong>111</strong></span> <span class='ocrx_word' id='word_1_93' title='bbox 1017 1948 1203 2024; x_wconf 85' lang='lat' dir='ltr'><strong>organum</strong></span> <span class='ocrx_word' id='word_1_94' title='bbox 1231 1924 1333 2001; x_wconf 91' lang='lat' dir='ltr'><strong>istud</strong></span> <span class='ocrx_word' id='word_1_95' title='bbox 1363 1925 1478 2003; x_wconf 89' lang='lat' dir='ltr'><strong>habet</strong></span> 
     </span>
     <span class='ocr_line' id='line_1_14' title="bbox 344 2049 1475 2157; baseline 0.004 -30"><span class='ocrx_word' id='word_1_96' title='bbox 344 2053 465 2131; x_wconf 91' lang='lat' dir='ltr'><strong>vicem</strong></span> <span class='ocrx_word' id='word_1_97' title='bbox 496 2051 698 2130; x_wconf 88' lang='lat' dir='ltr'><strong>deferentis</strong></span> <span class='ocrx_word' id='word_1_98' title='bbox 728 2049 767 2130; x_wconf 87' lang='grc'><strong>81</strong></span> <span class='ocrx_word' id='word_1_99' title='bbox 795 2051 1031 2155; x_wconf 86' lang='lat' dir='ltr'><strong>applicantis,</strong></span> <span class='ocrx_word' id='word_1_100' title='bbox 1053 2052 1113 2129; x_wconf 92' lang='lat' dir='ltr'><strong>vel</strong></span> <span class='ocrx_word' id='word_1_101' title='bbox 1141 2052 1263 2153; x_wconf 84' lang='lat' dir='ltr'><strong>magis</strong></span> <span class='ocrx_word' id='word_1_102' title='bbox 1293 2052 1373 2131; x_wconf 88' lang='lat' dir='ltr'><strong>eius</strong></span> <span class='ocrx_word' id='word_1_103' title='bbox 1403 2080 1475 2157; x_wconf 91' lang='lat' dir='ltr'><strong>quo</strong></span> 
     </span>
     <span class='ocr_line' id='line_1_15' title="bbox 344 2177 1476 2283; baseline 0.002 -27"><span class='ocrx_word' id='word_1_104' title='bbox 344 2180 388 2256; x_wconf 91' lang='lat' dir='ltr'><strong>fit</strong></span> <span class='ocrx_word' id='word_1_105' title='bbox 406 2179 557 2273; x_wconf 91' lang='lat' dir='ltr'><strong>delatio,</strong></span> <span class='ocrx_word' id='word_1_106' title='bbox 578 2178 617 2258; x_wconf 98' lang='grc'><strong>81</strong></span> <span class='ocrx_word' id='word_1_107' title='bbox 637 2179 836 2283; x_wconf 85' lang='lat' dir='ltr'><strong>applicatio</strong></span> <span class='ocrx_word' id='word_1_108' title='bbox 858 2180 967 2257; x_wconf 89' lang='lat' dir='ltr'><strong>istius</strong></span> <span class='ocrx_word' id='word_1_109' title='bbox 986 2180 1034 2256; x_wconf 86' lang='lat' dir='ltr'><strong>ad</strong></span> <span class='ocrx_word' id='word_1_110' title='bbox 1053 2177 1170 2257; x_wconf 89' lang='lat' dir='ltr'><strong>illud:</strong></span> <span class='ocrx_word' id='word_1_111' title='bbox 1197 2182 1291 2259; x_wconf 89' lang='lat' dir='ltr'><strong>acsi</strong></span> <span class='ocrx_word' id='word_1_112' title='bbox 1311 2182 1476 2259; x_wconf 93' lang='lat' dir='ltr'><strong>inuicem</strong></span> 
     </span>
     <span class='ocr_line' id='line_1_16' title="bbox 343 2306 1474 2411; baseline 0.004 -28"><span class='ocrx_word' id='word_1_113' title='bbox 343 2307 420 2384; x_wconf 93' lang='lat' dir='ltr'><strong>siut</strong></span> <span class='ocrx_word' id='word_1_114' title='bbox 450 2308 652 2411; x_wconf 87' lang='lat' dir='ltr'><strong>colligata:</strong></span> <span class='ocrx_word' id='word_1_115' title='bbox 681 2314 724 2385; x_wconf 84' lang='lat' dir='ltr'><strong>vt</strong></span> <span class='ocrx_word' id='word_1_116' title='bbox 751 2308 888 2384; x_wconf 90' lang='lat' dir='ltr'><strong>accidit</strong></span> <span class='ocrx_word' id='word_1_117' title='bbox 907 2308 945 2385; x_wconf 92' lang='lat' dir='ltr'><strong>in</strong></span> <span class='ocrx_word' id='word_1_118' title='bbox 965 2306 1143 2409; x_wconf 83' lang='lat' dir='ltr'><strong>amplexu</strong></span> <span class='ocrx_word' id='word_1_119' title='bbox 1167 2309 1230 2408; x_wconf 93' lang='lat' dir='ltr'><strong>qui</strong></span> <span class='ocrx_word' id='word_1_120' title='bbox 1258 2316 1317 2387; x_wconf 92' lang='lat' dir='ltr'><strong>est</strong></span> <span class='ocrx_word' id='word_1_121' title='bbox 1344 2309 1383 2385; x_wconf 94' lang='lat' dir='ltr'><strong>iu</strong></span> <span class='ocrx_word' id='word_1_122' title='bbox 1413 2335 1474 2387; x_wconf 88' lang='lat' dir='ltr'><strong>au·</strong></span> 
     </span>
     <span class='ocr_line' id='line_1_17' title="bbox 340 2434 1474 2541; baseline 0.004 -29"><span class='ocrx_word' id='word_1_123' title='bbox 340 2434 440 2513; x_wconf 92' lang='lat' dir='ltr'><strong>nulis</strong></span> <span class='ocrx_word' id='word_1_124' title='bbox 459 2438 708 2515; x_wconf 83' lang='lat' dir='ltr'><strong>cathenarum</strong></span> <span class='ocrx_word' id='word_1_125' title='bbox 728 2435 767 2515; x_wconf 94' lang='grc'><strong>81</strong></span> <span class='ocrx_word' id='word_1_126' title='bbox 798 2437 986 2514; x_wconf 86' lang='lat' dir='ltr'><strong>similium.</strong></span> <span class='ocrx_word' id='word_1_127' title='bbox 1016 2437 1177 2538; x_wconf 79' lang='lat' dir='ltr'><strong>Ideoque</strong></span> <span class='ocrx_word' id='word_1_128' title='bbox 1210 2439 1317 2541; x_wconf 89' lang='lat' dir='ltr'><strong>quasi</strong></span> <span class='ocrx_word' id='word_1_129' title='bbox 1336 2444 1474 2517; x_wconf 90' lang='lat' dir='ltr'><strong>natura</strong></span> 
     </span>
     <span class='ocr_line' id='line_1_18' title="bbox 339 2563 1473 2666; baseline 0.004 -26"><span class='ocrx_word' id='word_1_130' title='bbox 339 2563 423 2665; x_wconf 93' lang='lat' dir='ltr'><strong>ipsa</strong></span> <span class='ocrx_word' id='word_1_131' title='bbox 451 2564 545 2641; x_wconf 92' lang='lat' dir='ltr'><strong>duce</strong></span> <span class='ocrx_word' id='word_1_132' title='bbox 573 2565 620 2641; x_wconf 91' lang='lat' dir='ltr'><strong>ad</strong></span> <span class='ocrx_word' id='word_1_133' title='bbox 647 2571 779 2642; x_wconf 90' lang='lat' dir='ltr'><strong>nostra</strong></span> <span class='ocrx_word' id='word_1_134' title='bbox 807 2590 923 2666; x_wconf 91' lang='lat' dir='ltr'><strong>vsque</strong></span> <span class='ocrx_word' id='word_1_135' title='bbox 952 2572 1124 2666; x_wconf 91' lang='lat' dir='ltr'><strong>tempora</strong></span> <span class='ocrx_word' id='word_1_136' title='bbox 1154 2565 1253 2641; x_wconf 91' lang='lat' dir='ltr'><strong>hanc</strong></span> <span class='ocrx_word' id='word_1_137' title='bbox 1277 2568 1473 2644; x_wconf 87' lang='lat' dir='ltr'><strong>connexio·</strong></span> 
     </span>
     <span class='ocr_line' id='line_1_19' title="bbox 339 2690 1471 2779; baseline 0.003 -12"><span class='ocrx_word' id='word_1_138' title='bbox 339 2715 440 2779; x_wconf 90' lang='lat' dir='ltr'><strong>uem,</strong></span> <span class='ocrx_word' id='word_1_139' title='bbox 461 2690 629 2769; x_wconf 90' lang='lat' dir='ltr'><strong>locorum</strong></span> <span class='ocrx_word' id='word_1_140' title='bbox 650 2693 777 2770; x_wconf 90' lang='lat' dir='ltr'><strong>ordine</strong></span> <span class='ocrx_word' id='word_1_141' title='bbox 798 2692 1038 2770; x_wconf 83' lang='lat' dir='ltr'><strong>emulabatur</strong></span> <span class='ocrx_word' id='word_1_142' title='bbox 1057 2717 1145 2771; x_wconf 87' lang='lat' dir='ltr'><strong>ars:</strong></span> <span class='ocrx_word' id='word_1_143' title='bbox 1168 2699 1209 2768; x_wconf 88' lang='lat' dir='ltr'><strong>vt</strong></span> <span class='ocrx_word' id='word_1_144' title='bbox 1229 2693 1293 2769; x_wconf 89' lang='lat' dir='ltr'><strong>vbi</strong></span> <span class='ocrx_word' id='word_1_145' title='bbox 1318 2719 1398 2771; x_wconf 92' lang='lat' dir='ltr'><strong>rem</strong></span> <span class='ocrx_word' id='word_1_146' title='bbox 1419 2696 1471 2772; x_wconf 90' lang='grc'><strong>111</strong></span> 
     </span>
     <span class='ocr_line' id='line_1_20' title="bbox 339 2818 1471 2925; baseline 0.004 -33"><span class='ocrx_word' id='word_1_147' title='bbox 339 2841 412 2893; x_wconf 94' lang='lat' dir='ltr'><strong>uon</strong></span> <span class='ocrx_word' id='word_1_148' title='bbox 436 2818 587 2895; x_wconf 88' lang='lat' dir='ltr'><strong>valebat</strong></span> <span class='ocrx_word' id='word_1_149' title='bbox 607 2826 843 2914; x_wconf 88' lang='lat' dir='ltr'><strong>connectere,</strong></span> <span class='ocrx_word' id='word_1_150' title='bbox 864 2821 957 2898; x_wconf 91' lang='lat' dir='ltr'><strong>illud</strong></span> <span class='ocrx_word' id='word_1_151' title='bbox 977 2821 1076 2925; x_wconf 92' lang='lat' dir='ltr'><strong>quod</strong></span> <span class='ocrx_word' id='word_1_152' title='bbox 1096 2829 1178 2897; x_wconf 89' lang='lat' dir='ltr'><strong>erat</strong></span> <span class='ocrx_word' id='word_1_153' title='bbox 1198 2821 1310 2897; x_wconf 89' lang='lat' dir='ltr'><strong>vnius</strong></span> <span class='ocrx_word' id='word_1_154' title='bbox 1330 2828 1417 2923; x_wconf 88' lang='lat' dir='ltr'><strong>post</strong></span> <span class='ocrx_word' id='word_1_155' title='bbox 1435 2822 1471 2898; x_wconf 94' lang='lat' dir='ltr'><strong>id</strong></span> 
     </span>
     <span class='ocr_line' id='line_1_21' title="bbox 339 2945 1469 3048; baseline 0.005 -28"><span class='ocrx_word' id='word_1_156' title='bbox 339 2945 370 3020; x_wconf 91' lang='lat' dir='ltr'><strong>ei</strong></span> <span class='ocrx_word' id='word_1_157' title='bbox 390 2946 488 3044; x_wconf 90' lang='lat' dir='ltr'><strong>quod</strong></span> <span class='ocrx_word' id='word_1_158' title='bbox 517 2953 599 3023; x_wconf 89' lang='lat' dir='ltr'><strong>erat</strong></span> <span class='ocrx_word' id='word_1_159' title='bbox 617 2947 772 3024; x_wconf 90' lang='lat' dir='ltr'><strong>alterius</strong></span> <span class='ocrx_word' id='word_1_160' title='bbox 794 2947 1015 3025; x_wconf 87' lang='lat' dir='ltr'><strong>ordinabat:</strong></span> <span class='ocrx_word' id='word_1_161' title='bbox 1046 2947 1155 3023; x_wconf 89' lang='lat' dir='ltr'><strong>vuius</strong></span> <span class='ocrx_word' id='word_1_162' title='bbox 1184 2948 1335 3048; x_wconf 89' lang='lat' dir='ltr'><strong>inquam</strong></span> <span class='ocrx_word' id='word_1_163' title='bbox 1357 2945 1396 3026; x_wconf 92' lang='grc'><strong>81</strong></span> <span class='ocrx_word' id='word_1_164' title='bbox 1419 2949 1469 3026; x_wconf 89' lang='lat' dir='ltr'><strong>al·</strong></span> 
     </span>
     <span class='ocr_line' id='line_1_22' title="bbox 338 3073 1471 3179; baseline 0.005 -30"><span class='ocrx_word' id='word_1_165' title='bbox 338 3075 457 3152; x_wconf 91' lang='lat' dir='ltr'><strong>terius</strong></span> <span class='ocrx_word' id='word_1_166' title='bbox 488 3099 564 3151; x_wconf 94' lang='lat' dir='ltr'><strong>non</strong></span> <span class='ocrx_word' id='word_1_167' title='bbox 594 3077 787 3177; x_wconf 89' lang='lat' dir='ltr'><strong>proprium</strong></span> <span class='ocrx_word' id='word_1_168' title='bbox 816 3073 950 3178; x_wconf 86' lang='grc'><strong>81111</strong></span> <span class='ocrx_word' id='word_1_169' title='bbox 979 3078 1149 3153; x_wconf 88' lang='lat' dir='ltr'><strong>ratione:</strong></span> <span class='ocrx_word' id='word_1_170' title='bbox 1172 3077 1236 3152; x_wconf 92' lang='lat' dir='ltr'><strong>sed</strong></span> <span class='ocrx_word' id='word_1_171' title='bbox 1256 3078 1471 3179; x_wconf 86' lang='lat' dir='ltr'><strong>appropria·</strong></span> 
     </span>
     <span class='ocr_line' id='line_1_23' title="bbox 339 3183 1471 3307; baseline 0.004 -27"><span class='ocrx_word' id='word_1_172' title='bbox 339 3209 419 3280; x_wconf 94' lang='lat' dir='ltr'><strong>tum</strong></span> <span class='ocrx_word' id='word_1_173' title='bbox 435 3205 652 3307; x_wconf 78' lang='lat' dir='ltr'><strong>apraesenti</strong></span> <span class='ocrx_word' id='word_1_174' title='bbox 672 3205 867 3307; x_wconf 88' lang='lat' dir='ltr'><strong>positione:</strong></span> <span class='ocrx_word' id='word_1_175' title='bbox 884 3202 923 3283; x_wconf 95' lang='grc'><strong>81</strong></span> <span class='ocrx_word' id='word_1_176' title='bbox 945 3207 1016 3282; x_wconf 89' lang='lat' dir='ltr'><strong>hoc</strong></span> <span class='ocrx_word' id='word_1_177' title='bbox 1031 3209 1141 3307; x_wconf 89' lang='lat' dir='ltr'><strong>pacto</strong></span> <span class='ocrx_word' id='word_1_178' title='bbox 1157 3205 1263 3307; x_wconf 87' lang='lat' dir='ltr'><strong>quasi</strong></span> <span class='ocrx_word' id='word_1_179' title='bbox 1284 3183 1471 3285; x_wconf 74' lang='grc'><strong>111111111-</strong></span> 
     </span>
     <span class='ocr_line' id='line_1_24' title="bbox 338 3332 1470 3437; baseline 0.005 -29"><span class='ocrx_word' id='word_1_180' title='bbox 338 3332 418 3409; x_wconf 92' lang='lat' dir='ltr'><strong>neis</strong></span> <span class='ocrx_word' id='word_1_181' title='bbox 438 3333 730 3437; x_wconf 86' lang='lat' dir='ltr'><strong>applicationem</strong></span> <span class='ocrx_word' id='word_1_182' title='bbox 745 3334 920 3434; x_wconf 83' lang='lat' dir='ltr'><strong>imaginis</strong></span> <span class='ocrx_word' id='word_1_183' title='bbox 941 3336 988 3411; x_wconf 88' lang='lat' dir='ltr'><strong>ad</strong></span> <span class='ocrx_word' id='word_1_184' title='bbox 1005 3335 1337 3413; x_wconf 87' lang='lat' dir='ltr'><strong>rememoratiuam</strong></span> <span class='ocrx_word' id='word_1_185' title='bbox 1358 3361 1470 3414; x_wconf 88' lang='lat' dir='ltr'><strong>auco·</strong></span> 
     </span>
     <span class='ocr_line' id='line_1_25' title="bbox 336 3462 1465 3569; baseline 0.002 -30"><span class='ocrx_word' id='word_1_186' title='bbox 336 3462 507 3564; x_wconf 90' lang='lat' dir='ltr'><strong>pabatur.</strong></span> <span class='ocrx_word' id='word_1_187' title='bbox 520 3465 619 3542; x_wconf 82' lang='lat' dir='ltr'><strong>Ecce</strong></span> <span class='ocrx_word' id='word_1_188' title='bbox 629 3465 744 3565; x_wconf 80' lang='lat' dir='ltr'><strong>igitur</strong></span> <span class='ocrx_word' id='word_1_189' title='bbox 754 3464 922 3566; x_wconf 86' lang='lat' dir='ltr'><strong>scrutinij</strong></span> <span class='ocrx_word' id='word_1_190' title='bbox 933 3487 1070 3540; x_wconf 91' lang='lat' dir='ltr'><strong>munus</strong></span> <span class='ocrx_word' id='word_1_191' title='bbox 1082 3466 1139 3539; x_wconf 90' lang='lat' dir='ltr'><strong>est</strong></span> <span class='ocrx_word' id='word_1_192' title='bbox 1152 3468 1194 3538; x_wconf 88' lang='lat' dir='ltr'><strong>vt</strong></span> <span class='ocrx_word' id='word_1_193' title='bbox 1209 3463 1372 3542; x_wconf 85' lang='lat' dir='ltr'><strong>unitates</strong></span> <span class='ocrx_word' id='word_1_194' title='bbox 1383 3464 1465 3569; x_wconf 90' lang='lat' dir='ltr'><strong>(ita.</strong></span> 
     </span>
     <span class='ocr_line' id='line_1_26' title="bbox 336 3588 1466 3693; baseline 0.003 -29"><span class='ocrx_word' id='word_1_195' title='bbox 336 3613 371 3664; x_wconf 90' lang='lat' dir='ltr'><strong>n.</strong></span> <span class='ocrx_word' id='word_1_196' title='bbox 393 3588 551 3666; x_wconf 89' lang='lat' dir='ltr'><strong>dixerim</strong></span> <span class='ocrx_word' id='word_1_197' title='bbox 571 3589 691 3667; x_wconf 91' lang='lat' dir='ltr'><strong>multa</strong></span> <span class='ocrx_word' id='word_1_198' title='bbox 709 3614 784 3666; x_wconf 80' lang='lat' dir='ltr'><strong>vua</strong></span> <span class='ocrx_word' id='word_1_199' title='bbox 802 3595 842 3666; x_wconf 88' lang='lat' dir='ltr'><strong>vt</strong></span> <span class='ocrx_word' id='word_1_200' title='bbox 862 3590 1064 3666; x_wconf 88' lang='lat' dir='ltr'><strong>verborum</strong></span> <span class='ocrx_word' id='word_1_201' title='bbox 1089 3589 1306 3666; x_wconf 88' lang='lat' dir='ltr'><strong>censoribus</strong></span> <span class='ocrx_word' id='word_1_202' title='bbox 1327 3590 1466 3693; x_wconf 87' lang='lat' dir='ltr'><strong>aliquid</strong></span> 
     </span>
     <span class='ocr_line' id='line_1_27' title="bbox 335 3713 1464 3817; baseline 0.003 -28"><span class='ocrx_word' id='word_1_203' title='bbox 335 3713 566 3817; x_wconf 88' lang='lat' dir='ltr'><strong>concaedam)</strong></span> <span class='ocrx_word' id='word_1_204' title='bbox 585 3715 776 3817; x_wconf 84' lang='lat' dir='ltr'><strong>sigillatim</strong></span> <span class='ocrx_word' id='word_1_205' title='bbox 798 3715 997 3817; x_wconf 86' lang='lat' dir='ltr'><strong>capiendas</strong></span> <span class='ocrx_word' id='word_1_206' title='bbox 1018 3741 1084 3817; x_wconf 92' lang='lat' dir='ltr'><strong>per</strong></span> <span class='ocrx_word' id='word_1_207' title='bbox 1101 3715 1223 3817; x_wconf 89' lang='lat' dir='ltr'><strong>ipsum</strong></span> <span class='ocrx_word' id='word_1_208' title='bbox 1239 3715 1278 3791; x_wconf 92' lang='lat' dir='ltr'><strong>in</strong></span> <span class='ocrx_word' id='word_1_209' title='bbox 1296 3716 1464 3794; x_wconf 92' lang='lat' dir='ltr'><strong>ordinem</strong></span> 
     </span>
     <span class='ocr_line' id='line_1_28' title="bbox 335 3840 1464 3944; baseline 0.004 -29"><span class='ocrx_word' id='word_1_210' title='bbox 335 3840 594 3942; x_wconf 91' lang='lat' dir='ltr'><strong>disponantur.</strong></span> <span class='ocrx_word' id='word_1_211' title='bbox 617 3843 726 3928; x_wconf 80' lang='lat' dir='ltr'><strong>Quod</strong></span> <span class='ocrx_word' id='word_1_212' title='bbox 756 3845 810 3922; x_wconf 91' lang='lat' dir='ltr'><strong>ita</strong></span> <span class='ocrx_word' id='word_1_213' title='bbox 828 3844 981 3944; x_wconf 87' lang='lat' dir='ltr'><strong>accidit,</strong></span> <span class='ocrx_word' id='word_1_214' title='bbox 1004 3849 1046 3920; x_wconf 86' lang='lat' dir='ltr'><strong>vt</strong></span> <span class='ocrx_word' id='word_1_215' title='bbox 1061 3867 1146 3921; x_wconf 90' lang='lat' dir='ltr'><strong>cum</strong></span> <span class='ocrx_word' id='word_1_216' title='bbox 1167 3849 1317 3920; x_wconf 90' lang='lat' dir='ltr'><strong>eentum</strong></span> <span class='ocrx_word' id='word_1_217' title='bbox 1338 3846 1464 3923; x_wconf 90' lang='lat' dir='ltr'><strong>ouium</strong></span> 
     </span>
     <span class='ocr_line' id='line_1_29' title="bbox 334 3969 1464 4075; baseline 0.006 -30"><span class='ocrx_word' id='word_1_218' title='bbox 334 3969 503 4070; x_wconf 86' lang='lat' dir='ltr'><strong>singulas</strong></span> <span class='ocrx_word' id='word_1_219' title='bbox 523 3973 697 4075; x_wconf 82' lang='lat' dir='ltr'><strong>singulis,</strong></span> <span class='ocrx_word' id='word_1_220' title='bbox 722 3980 835 4075; x_wconf 90' lang='lat' dir='ltr'><strong>atque</strong></span> <span class='ocrx_word' id='word_1_221' title='bbox 855 3972 1013 4050; x_wconf 90' lang='lat' dir='ltr'><strong>diuersis</strong></span> <span class='ocrx_word' id='word_1_222' title='bbox 1034 3996 1277 4050; x_wconf 89' lang='lat' dir='ltr'><strong>numerorum</strong></span> <span class='ocrx_word' id='word_1_223' title='bbox 1297 3974 1396 4050; x_wconf 87' lang='lat' dir='ltr'><strong>notis</strong></span> <span class='ocrx_word' id='word_1_224' title='bbox 1421 3982 1464 4052; x_wconf 88' lang='lat' dir='ltr'><strong>vt</strong></span> 
     </span>
     <span class='ocr_line' id='line_1_30' title="bbox 339 4095 1464 4202; baseline 0.006 -31"><span class='ocrx_word' id='word_1_225' title='bbox 339 4095 355 4170; x_wconf 93' lang='grc'><strong>1</strong></span> <span class='ocrx_word' id='word_1_226' title='bbox 378 4095 405 4173; x_wconf 79' lang='lat'><em>2</em></span> <span class='ocrx_word' id='word_1_227' title='bbox 425 4096 449 4174; x_wconf 87' lang='grc'><strong>3</strong></span> <span class='ocrx_word' id='word_1_228' title='bbox 470 4098 496 4174; x_wconf 84' lang='grc'>4</span> <span class='ocrx_word' id='word_1_229' title='bbox 516 4097 541 4174; x_wconf 88' lang='lat'>5</span> <span class='ocrx_word' id='word_1_230' title='bbox 560 4099 583 4175; x_wconf 84' lang='lat'><strong>6</strong></span> <span class='ocrx_word' id='word_1_231' title='bbox 600 4099 623 4174; x_wconf 79' lang='lat'>7</span> <span class='ocrx_word' id='word_1_232' title='bbox 640 4099 665 4176; x_wconf 84' lang='lat'>8</span> <span class='ocrx_word' id='word_1_233' title='bbox 680 4099 718 4191; x_wconf 79' lang='lat'><strong>9,</strong></span> <span class='ocrx_word' id='word_1_234' title='bbox 736 4097 776 4178; x_wconf 89' lang='grc'><strong>81</strong></span> <span class='ocrx_word' id='word_1_235' title='bbox 796 4100 880 4176; x_wconf 90' lang='lat' dir='ltr'><strong>aliis</strong></span> <span class='ocrx_word' id='word_1_236' title='bbox 900 4100 1074 4201; x_wconf 87' lang='lat' dir='ltr'><strong>deinceps</strong></span> <span class='ocrx_word' id='word_1_237' title='bbox 1094 4098 1354 4178; x_wconf 89' lang='lat' dir='ltr'><strong>inusserimus:</strong></span> <span class='ocrx_word' id='word_1_238' title='bbox 1375 4101 1464 4202; x_wconf 90' lang='lat' dir='ltr'><strong>ipsis</strong></span> 
     </span>
     <span class='ocr_line' id='line_1_31' title="bbox 334 4224 1463 4318; baseline 0.005 -18"><span class='ocrx_word' id='word_1_239' title='bbox 334 4248 424 4301; x_wconf 84' lang='lat' dir='ltr'><strong>mox</strong></span> <span class='ocrx_word' id='word_1_240' title='bbox 439 4227 677 4318; x_wconf 88' lang='lat' dir='ltr'><strong>cateruatim,</strong></span> <span class='ocrx_word' id='word_1_241' title='bbox 694 4224 733 4303; x_wconf 90' lang='grc'><strong>81</strong></span> <span class='ocrx_word' id='word_1_242' title='bbox 749 4227 903 4303; x_wconf 83' lang='lat' dir='ltr'><strong>confuse&#39;</strong></span> <span class='ocrx_word' id='word_1_243' title='bbox 919 4227 1202 4303; x_wconf 89' lang='lat' dir='ltr'><strong>occurrentibus</strong></span> <span class='ocrx_word' id='word_1_244' title='bbox 1218 4226 1310 4302; x_wconf 84' lang='lat' dir='ltr'><strong>adad</strong></span> <span class='ocrx_word' id='word_1_245' title='bbox 1328 4232 1371 4303; x_wconf 93' lang='lat' dir='ltr'><strong>vt</strong></span> <span class='ocrx_word' id='word_1_246' title='bbox 1389 4229 1463 4306; x_wconf 90' lang='lat' dir='ltr'><strong>alia</strong></span> 
     </span>
     <span class='ocr_line' id='line_1_32' title="bbox 336 4349 1462 4456; baseline 0.005 -31"><span class='ocrx_word' id='word_1_247' title='bbox 336 4349 449 4428; x_wconf 88' lang='lat' dir='ltr'><strong>aliam</strong></span> <span class='ocrx_word' id='word_1_248' title='bbox 468 4351 658 4456; x_wconf 89' lang='lat' dir='ltr'><strong>impediat:</strong></span> <span class='ocrx_word' id='word_1_249' title='bbox 679 4359 721 4430; x_wconf 91' lang='lat' dir='ltr'><strong>vt</strong></span> <span class='ocrx_word' id='word_1_250' title='bbox 735 4354 933 4456; x_wconf 76' lang='lat' dir='ltr'><strong>gregarius</strong></span> <span class='ocrx_word' id='word_1_251' title='bbox 954 4350 1087 4430; x_wconf 89' lang='lat' dir='ltr'><strong>baculo</strong></span> <span class='ocrx_word' id='word_1_252' title='bbox 1105 4353 1172 4429; x_wconf 91' lang='lat' dir='ltr'><strong>has</strong></span> <span class='ocrx_word' id='word_1_253' title='bbox 1190 4373 1280 4429; x_wconf 91' lang='lat' dir='ltr'><strong>oues</strong></span> <span class='ocrx_word' id='word_1_254' title='bbox 1297 4352 1462 4443; x_wconf 87' lang='lat' dir='ltr'><strong>diuertit,</strong></span> 
     </span>
    </p>
   </div>
   <div class='ocr_carea' id='block_1_3' title="bbox 0 0 1676 5124">
    <p class='ocr_par' dir='ltr' id='par_1_3' title="bbox 0 0 1676 5124">
     <span class='ocr_line' id='line_1_33' title="bbox 0 0 1676 5124; baseline 0 5"><span class='ocrx_word' id='word_1_255' title='bbox 0 0 1676 5124; x_wconf 95' lang='lat' dir='ltr'><strong> </strong></span> 
     </span>
    </p>
   </div>
  </div>
 </body>
</html>
