3344 5124
367 896 454 975 Istis
475 897 734 982 consideratis:
746 903 937 977 memento
956 901 1047 980 huic
1065 901 1139 979 arti
1156 900 1281 979 media
1294 900 1369 978 alia
1383 925 1453 979 vsu

317 1026 450 1106 venire
466 1050 542 1104 non
557 1051 666 1129 posse
680 1027 729 1104 ad
743 1050 854 1106 suum
871 1026 985 1107 tinem
1000 1030 1325 1133 consequendum,
1340 1053 1455 1133 qnam

314 1154 520 1251 sensibilia,
538 1155 713 1251 formata,
728 1155 905 1260 figurata,
921 1158 1095 1261 tempori,
1110 1157 1266 1261 locoque
1281 1162 1452 1237 contrac-

314 1290 366 1361 ta:
386 1282 698 1387 quemadmodem
717 1279 757 1361 dn
773 1283 811 1361 in
827 1283 1001 1362 omnibus
1015 1284 1098 1363 aliis
1113 1284 1299 1364 technicis
1312 1284 1449 1371 animae

316 1412 494 1516 operibus
513 1411 683 1490 accidere
711 1411 751 1488 in
785 1412 905 1516 primo
933 1413 1126 1492 volumine
1152 1412 1281 1494 Clanis
1301 1438 1448 1518 magnae

315 1536 385 1615 fuit
401 1562 637 1640 expressum.
657 1536 786 1616 Nihilo
805 1543 932 1616 tamen
953 1539 1079 1619 minus
1098 1565 1173 1618 non
1189 1541 1244 1618 vti
1263 1540 1447 1643 intelligi·

317 1671 380 1745 tur
394 1666 569 1744 omnibus
584 1672 764 1768 tanquam
778 1665 1017 1770 imaginibus:
1028 1666 1211 1769 siquidem
1226 1668 1345 1746 multa
1360 1692 1450 1771 quo·

319 1818 402 1872 rum
418 1793 529 1871 debet
543 1818 624 1871 esse
639 1793 833 1888 memoria,
847 1792 1108 1897 imaginabilia
1122 1819 1199 1872 non
1219 1800 1310 1874 sunt
1327 1819 1450 1898 ncquc

319 1920 677 2026 effigiabilia,neque
691 1922 802 2000 simili
818 1922 981 2026 quodam
996 1922 1449 2018 insinuabilia3cuiusmo·

317 2050 352 2126 di
374 2055 463 2128 sunt
480 2051 645 2145 termini,
665 2051 769 2145 usia,
788 2053 1000 2154 ypostasis,
1021 2077 1147 2145 mens,
1177 2058 1391 2156 caeteraque
1408 2052 1445 2129 id

316 2204 447 2282 genus:
467 2179 533 2257 sed
551 2183 595 2257 vt
612 2178 730 2283 signis
749 2179 1068 2283 significabilium3
1096 2181 1325 2284 imaginibus
1344 2181 1443 2260 ima-

314 2299 553 2403 ginabilium.
581 2300 632 2378 Et
660 2324 746 2378 cum
774 2301 848 2378 hoo
874 2300 968 2379 illud
989 2327 1067 2380 non
1086 2309 1144 2380 est
1162 2307 1288 2381 mente
1311 2307 1444 2406 praete-

315 2431 497 2510 reundam
515 2430 615 2533 quod
633 2454 709 2508 non
728 2429 853 2508 minus
871 2435 961 2509 sunt
979 2429 1146 2535 alligatae
1165 2431 1285 2535 signis
1312 2431 1445 2535 imagi·

314 2581 397 2651 nes,
415 2558 529 2659 quam
547 2558 659 2660 signa
675 2556 905 2662 imaginibus
925 2560 1016 2636 sunt
1035 2559 1199 2640 adnexa.

833 2811 940 2892 XVI.

368 3063 430 3144 Ex
449 3065 673 3145 adnexionis
692 3065 842 3145 delectu
869 3065 1005 3145 accidit
1028 3064 1230 3145 infirmitas
1248 3064 1342 3156 illa,
1372 3089 1447 3167 qua

316 3191 509 3270 utentibus
528 3196 611 3270 arte
631 3191 823 3270 multoties
843 3192 1028 3272 collocata
1045 3192 1189 3296 species
1217 3216 1295 3270 non
1315 3214 1446 3269 occur-

317 3321 379 3416 rit,
398 3344 475 3399 non
494 3327 620 3398 tamen
640 3345 690 3399 ex
708 3320 781 3398 hoo
799 3321 923 3424 capite
951 3344 1034 3399 rem
1061 3321 1181 3424 ipsam
1202 3317 1445 3423 perpendisse

316 3446 493 3525 videntur
525 3448 822 3550 praedecessores
855 3448 989 3525 nostri.
1019 3446 1092 3523 Hic
1119 3451 1179 3524 cst
1207 3445 1271 3548 qui
1291 3443 1447 3522 interim

317 3573 421 3650 visus
450 3598 605 3652 sensum
633 3575 808 3678 refringit
836 3575 955 3676 magis
975 3599 1090 3678 qnam
1110 3573 1237 3651 lumen
1256 3571 1447 3649 excellen-

314 3702 405 3797 tius,
425 3702 576 3781 densior
604 3704 828 3794 obscuritas,
856 3728 994 3806 magna
1023 3701 1235 3795 celebritas,
1265 3699 1448 3778 distantia

317 3830 550 3934 dispergens,
570 3829 611 3911 dr
630 3834 667 3911 id
687 3858 807 3938 genus
827 3833 914 3928 alia,
934 3857 1020 3937 quae
1034 3831 1127 3909 locis
1141 3831 1276 3933 quibus
1292 3829 1347 3907 vti
1362 3853 1448 3906 con·

318 3964 527 4039 sueuerunt
545 3962 730 4040 solantem
748 3962 929 4066 accidere.
950 3958 1051 4039 Hinc
1068 3959 1186 4036 veluti
1200 3957 1370 4061 percussi
1389 3981 1448 4034 oa-

317 4112 385 4165 nes
407 4086 569 4191 lapidem
584 4089 800 4167 mordentes
819 4087 881 4167 vel
899 4087 1089 4181 baculum,
1105 4108 1240 4165 verum
1255 4083 1448 4162 discrimi-

317 4213 376 4291 nis
396 4214 507 4292 huius
527 4214 729 4295 authorem
749 4216 904 4294 minime
921 4215 1186 4320 percipientes,
1208 4212 1324 4292 alium
1344 4212 1446 4290 incu-

317 4348 414 4421 sant.
434 4342 553 4425 Nobis
569 4349 697 4424 autem
716 4369 804 4425 cum
823 4345 954 4426 datum
973 4347 1032 4423 est
1048 4342 1154 4424 illam
1174 4339 1389 4434 inuenisse,
1409 4335 1449 4417 ds
