3344 5124
825 371 1007 437 -1es-

509 645 597 711 Vsus
619 664 749 712 munus
773 645 975 732 imaginum
990 646 1251 731 praedictarum
1274 646 1322 714 od

725 791 852 839 rarum
874 774 1096 840 memoriam.

398 1034 597 1137 Ingentem
615 1060 663 1114 ex
682 1036 920 1140 praesignatis
939 1035 1004 1114 tibi
1024 1060 1245 1139 comparare
1264 1035 1405 1139 poteris
1426 1061 1477 1112 v·
1602 1089 1607 1097 ·

344 1162 520 1243 tilitatem
539 1159 579 1243 da
599 1165 836 1244 commodum
860 1165 1163 1268 incomparabile.
1189 1189 1214 1244 1.
1230 1164 1316 1244 Sint
1342 1163 1476 1244 formae

344 1289 535 1392 perpetuis
554 1296 733 1392 perpetuo
757 1290 937 1369 subiectis
965 1289 1207 1369 innaerentes.
1235 1315 1274 1367 n.
1295 1288 1475 1367 Subiecta

344 1416 435 1520 ipsis
462 1417 631 1496 ordinem
654 1419 810 1513 tribuat,
830 1418 888 1497 vel
909 1419 955 1497 ab
973 1418 1065 1522 ipsis
1085 1418 1253 1497 ordinem
1275 1416 1472 1520 recipiant.

344 1545 451 1632 Quod
467 1544 617 1650 quidem
631 1547 677 1624 ad
693 1547 859 1650 ipsarum
875 1546 1082 1625 formarum
1098 1546 1320 1624 memoriam
1335 1545 1475 1623 haben·

345 1672 432 1750 dam
447 1671 635 1750 conducit.
655 1694 706 1750 ιιι.
728 1672 883 1778 Quodsi
903 1670 1005 1750 lubet
1024 1671 1171 1749 adiecta
1188 1673 1310 1775 ipsam
1329 1672 1369 1748 in
1386 1671 1471 1749 sub·

345 1798 529 1876 lectorum
548 1797 732 1878 rationem
752 1795 792 1879 da
811 1799 932 1893 vicem
951 1805 1184 1894 conuertere,
1195 1797 1283 1902 quid
1300 1803 1357 1876 cst
1373 1799 1472 1902 quod

220 2009 228 2022 .
345 1927 383 2001 te
410 1923 528 2027 possit
549 1924 755 2028 impediret
783 1951 849 2004 nn.
867 1926 988 2030 Ipsius
1006 1926 1124 2030 igitur
1144 1926 1197 2004 rai
1217 1927 1472 2006 memorandae

345 2053 486 2153 partes,
514 2049 614 2128 viuis
643 2051 882 2154 imaginibus,
911 2047 1154 2156 &insigniis
1174 2052 1384 2131 actionibus
1403 2052 1473 2130 cir·
1588 2112 1598 2129 .

345 2179 584 2258 cumstantiis
597 2180 811 2258 earumdem
828 2180 1053 2259 committito
1064 2206 1131 2283 per
1141 2181 1324 2258 ordinem:
1340 2185 1383 2257 vt
1397 2179 1471 2257 sin-

345 2304 435 2410 gula
459 2331 618 2411 quaeque
645 2334 712 2412 per
739 2316 1009 2412 congruentem
1029 2309 1100 2387 sibi
1118 2307 1307 2385 actionem
1325 2307 1474 2410 passio-

345 2458 445 2530 nem,
466 2437 740 2526 alterationem,
760 2438 1061 2531 desitnationem,
1076 2435 1169 2514 alios
1189 2441 1302 2537 atque
1321 2434 1418 2513 alios
1433 2462 1474 2512 se
1551 2489 1553 2492 <

344 2563 510 2643 habendi
527 2566 671 2657 modos,
692 2566 795 2643 velut
813 2591 897 2669 quae
922 2571 1140 2667 operantur,
1168 2563 1229 2642 vel
1262 2568 1302 2640 vt
1325 2563 1473 2665 quibus,

344 2686 384 2770 dc
404 2691 505 2769 circa
523 2717 607 2796 quae
625 2698 850 2771 exercentur
869 2692 1119 2796 operationes3
1131 2693 1281 2770 valeant
1301 2691 1471 2768 membra

291 2843 294 2849 ·
341 2819 537 2897 diuisionis
556 2823 810 2899 memorandae
829 2823 997 2900 materiae
1026 2822 1220 2926 sigillatim
1244 2821 1468 2898 describere.

343 2946 386 3023 ln
405 2946 451 3022 iis
471 2952 597 3023 autem
618 2950 790 3027 omnibus
809 2948 898 3025 illud
914 2974 986 3026 non
1004 2956 1041 3027 te
1056 2954 1258 3052 praetereat
1273 2949 1372 3050 quod
1393 2973 1467 3024 non

342 3075 450 3177 quasi
469 3075 691 3168 abstractas,
712 3078 777 3155 sed
797 3076 915 3156 oculis
936 3077 1187 3181 phantasticae
1207 3075 1398 3152 facultatis
1419 3077 1465 3151 u-

344 3225 427 3294 xas,
454 3201 566 3279 debes
594 3202 731 3305 eligere
758 3204 914 3307 speeies
941 3204 1093 3280 Etenim
1122 3203 1208 3280 alibi
1238 3203 1470 3279 ostendimus

343 3329 659 3431 quemadmodum
675 3356 739 3408 eas
759 3335 912 3433 captare
931 3331 1133 3408 debeamus
1153 3354 1236 3432 quae
1256 3330 1377 3431 magis
1398 3356 1466 3407 ex-

342 3455 525 3565 trinsecos
553 3480 684 3534 sensus
704 3462 1001 3535 commonentes:
1022 3458 1213 3558 potentins
1233 3457 1273 3531 in
1294 3458 1471 3533 internos

342 3605 479 3661 sensus
497 3583 692 3686 irrepsere.
