3344 5124
750 368 933 431 ..ᾕρ-

274 511 375 613 quod
395 521 570 591 carentes
587 513 772 603 manibus,
788 514 994 592 utebantur
1010 513 1178 593 nasibus:
1194 514 1290 592 nihil
1306 516 1419 596 euim

273 639 345 739 ipsi
364 642 452 716 cum
474 643 598 718 iacere
616 646 816 718 nescirent:
831 642 870 718 iu
889 642 1051 720 aliorum
1069 642 1181 720 factis
1196 645 1420 724 iudicandis

276 771 543 847 tantummodo
561 772 856 874 occupabantur.

661 1027 902 1116 QVAESTIO
929 1027 1035 1107 XIII.

331 1287 488 1366 Mosam
509 1286 603 1373 Quis
623 1311 731 1366 ursos
750 1285 843 1366 istos
862 1286 1074 1365 olfecissetI

329 1414 459 1495 Once.
480 1413 715 1516 Quicumque
734 1421 913 1516 expertus
931 1417 1033 1490 esset
1058 1410 1211 1490 iIIorum
1228 1419 1419 1490 naturam

274 1549 553 1634 contumacem,
580 1541 794 1632 barbaram,
813 1547 927 1643 atquc
945 1538 1077 1617 feram:
1096 1563 1192 1642 quos
1208 1538 1415 1642 pariendo,

275 1668 450 1763 fouendo,
479 1669 702 1761 nutriendo,
731 1664 773 1746 8c
804 1668 1003 1746 lambendo
1040 1667 1284 1769 promouerit.
1323 1666 1418 1744 Hoc

275 1797 376 1873 enim
414 1796 554 1873 animal
592 1796 836 1898 quantumuis
868 1794 1000 1897 lingua
1026 1793 1185 1898 aliisque
1213 1794 1290 1871 oris
1318 1793 1418 1872 leni-

278 1927 414 2001 mentis
433 1950 481 2001 ex
499 1924 704 2025 infigurato
733 1923 890 2026 nudique
917 1927 1032 2024 partu
1060 1921 1256 1999 formetur:
1281 1921 1413 1999 fernim

275 2056 403 2129 tamen
423 2048 621 2141 adolescit,
640 2050 790 2142 durum,
810 2045 851 2127 a
869 2047 1046 2152 alpcstre.

648 2306 888 2393 QVAESTIO
916 2305 1040 2385 XIIII.

327 2562 475 2641 Munius
507 2561 600 2648 Quis
619 2561 747 2642 Ioones
765 2562 1030 2664 cognouissetI

327 2688 455 2768 Cincin.
485 2688 559 2774 Qui
587 2691 862 2768 considerasset
889 2691 987 2793 quod
1017 2690 1104 2767 cum
1131 2687 1319 2791 principes
1340 2714 1412 2765 es·

272 2822 371 2913 sent,
389 2819 414 2896 a
432 2819 573 2896 viribus
592 2818 807 2897 infimorum
826 2820 1003 2897 conuitiis
1022 2818 1096 2895 illis
1125 2821 1208 2896 orat
1235 2821 1412 2893 metuen-

272 2946 373 3022 dum.
404 2944 522 3023 veluti
542 2969 643 3024 nunc
671 2951 807 3024 natura
825 2946 907 3049 ipsa
925 2951 1117 3049 coguntur
1136 2944 1313 3032 cristam,
1343 2968 1414 3020 vo·

274 3096 430 3174 cemquc
450 3072 539 3173 galli
560 3072 774 3150 formidare.

330 3201 491 3278 Moesis.
521 3201 699 3303 Nunquid
720 3225 878 3304 puopcca
898 3201 935 3277 in
955 3201 1054 3278 seras
1073 3205 1162 3277 sunt
1182 3197 1315 3276 mutati
1333 3197 1348 3271 I

327 3328 454 3408 Once.
475 3328 646 3422 Minime,
661 3330 726 3406 sed
746 3336 855 3406 eraut
873 3330 954 3432 ipso
973 3330 1099 3407 addito
1115 3328 1243 3406 fucore
1261 3324 1405 3403 leones

658 3584 900 3671 QVAESTIO
929 3587 1017 3665 XV.

320 3844 478 3923 Monam.
499 3845 651 3924 Caetera
669 3844 733 3923 illa
752 3846 895 3924 maiora
924 3846 1018 3923 alias
1047 3844 1314 3923 consideranda
1344 3870 1401 3923 ne·

266 3973 410 4077 usquo.
441 3975 526 4059 Qua
554 3982 644 4053 ncta
672 3976 837 4053 istcicem
866 3975 958 4052 mihi
987 3974 1174 4076 potuisses
1202 3972 1399 4050 iudicare?

318 4101 446 4181 Cmcs.
467 4103 599 4182 Nonne
628 4103 732 4180 vides
760 4103 882 4205 ipsum
911 4103 1048 4180 aristas
1077 4102 1279 4205 spinasque
1307 4124 1397 4177 suas

264 4257 341 4310 non
370 4234 440 4311 nisi
463 4243 724 4336 proscenium,
748 4235 922 4328 accitum,
954 4233 1201 4335 instigatum,
1233 4225 1273 4305 «Ic
1302 4252 1402 4306 com·

269 4360 416 4463 pulsum
438 4360 621 4438 iaculari?

321 4488 481 4569 Munius.
503 4487 688 4592 Intelligo.
