3344 5124
514 816 753 899 SECVNDA
782 816 918 897 PARS
947 818 1151 899 PRAXIS.

746 1078 917 1159 ciel.

520 1335 571 1402 De
594 1337 773 1402 memoriae
795 1334 983 1402 verborum
999 1337 1124 1420 promi.

796 1570 876 1672 gr.

322 1825 395 1903 Vbi
416 1824 533 1927 igitur
551 1849 611 1901 res
633 1825 735 1928 ipsas
763 1824 947 1906 eollooare
964 1825 1176 1930 nequimus,
1197 1824 1285 1928 quia
1304 1828 1396 1903 sunt

268 1954 547 2058 infigurabiles:
584 1959 756 2057 aptemus
784 1955 891 2033 nobis
923 1955 1144 2047 nominum,
1186 1975 1395 2054 vocumque

271 2082 525 2185 quarumlibet
552 2083 836 2187 inscriptionem
855 2081 920 2160 tali
940 2089 1050 2187 pacto
1070 2080 1294 2159 habendam.
1315 2077 1397 2157 Pri·

270 2238 331 2292 mo
359 2216 437 2292 sint
463 2214 648 2308 homines,
676 2215 785 2292 iuxta
813 2213 1085 2292 elementorum
1109 2231 1310 2289 numerum
1334 2206 1394 2284 di-

269 2342 410 2431 stincti,
439 2367 598 2442 quorum
626 2341 687 2444 alij
719 2367 849 2436 vnum,
878 2340 979 2419 aliud
1007 2340 1068 2444 alij
1099 2339 1166 2417 tibi
1195 2338 1393 2441 designent
1485 2394 1488 2399 .

270 2468 517 2558 elementum,
545 2470 627 2548 siue
654 2495 701 2548 ex
731 2468 970 2548 institutione
999 2473 1041 2547 vt
1068 2468 1156 2571 pote
1183 2490 1232 2545 ex
1250 2489 1394 2569 appro-

267 2596 401 2699 priato:
421 2596 502 2675 siue
529 2621 577 2673 ex
607 2597 779 2690 veritate,
802 2601 844 2674 vt
866 2598 952 2698 pote
981 2622 1029 2675 ox
1055 2594 1207 2700 proprio
1228 2593 1394 2672 nomina.

268 2724 352 2802 Sint
370 2725 407 2800 in
427 2750 540 2828 quam
561 2725 626 2803 tibi
647 2751 714 2829 pro
733 2725 918 2804 elemento
943 2730 978 2804 Α
1006 2723 1235 2828 designando
1264 2723 1392 2824 plures

268 2851 491 2930 Aristarchi.
513 2880 579 2957 pro
599 2853 782 2932 elemento
803 2855 834 2930 B
857 2854 982 2957 plures
1001 2853 1155 2931 Bacchi.
1176 2876 1243 2955 pro
1265 2850 1397 2929 OOae·

267 3006 382 3069 sares,
403 2982 465 3083 qui
494 2981 643 3084 quidem
671 2982 753 3060 looo
781 2981 953 3085 appositi,
979 2982 1062 3060 haeo
1090 2980 1156 3057 tibi
1186 3001 1388 3083 repraesen-

268 3109 404 3186 tabunt
431 3108 630 3187 elementa.

775 3368 801 3465 ς
830 3365 878 3442 n.

270 3688 273 3696 .
320 3618 406 3699 Sint
433 3621 590 3724 proinde
620 3622 703 3701 alias
722 3647 783 3700 res
802 3622 1020 3702 inanimatae
1039 3647 1124 3728 quae
1143 3625 1304 3726 possunt
1322 3646 1394 3700 vsu

267 3750 398 3828 venire
426 3752 616 3854 praedietis
645 3751 871 3830 hominibus:
892 3752 948 3829 ita
976 3757 1018 3830 vt
1044 3751 1274 3843 Amanum,
1296 3749 1396 3829 auri·

266 3877 405 3972 oulare,
434 3903 560 3967 arcus,
590 3876 629 3957 <io
657 3879 795 3957 similia
822 3879 1038 3983 significent
1064 3879 1136 3957 tibi
1165 3877 1393 3958 elementum

268 4007 313 4082 Α.
342 4006 506 4083 Baculus
536 4007 579 4083 B.
610 4007 742 4086 Corbis
771 4008 813 4086 Ο.
849 4009 1023 4086 similiter
1060 4005 1099 4086 <to
1137 4007 1211 4084 alia
1247 4006 1392 4087 instru-

269 4140 407 4223 menta,
436 4133 475 4212 <ie
504 4144 748 4232 armamenta,
769 4137 842 4214 alia
871 4139 938 4216 tibi
966 4139 1166 4239 designent
1192 4136 1392 4216 elementa.

269 4263 320 4339 Et
347 4263 401 4339 ita
429 4266 510 4340 turn
540 4264 711 4341 homines
739 4265 886 4366 plures,
916 4271 998 4344 turn
1027 4264 1142 4344 etiam
1171 4263 1298 4368 plures
1326 4264 1394 4342 tibi

267 4391 432 4493 reliquas
461 4416 521 4469 res
541 4387 581 4468 <io
602 4393 839 4495 operationes
867 4395 914 4472 ab
942 4393 1158 4472 hominibus
1176 4395 1394 4471 eontracta-

1291 4533 1328 4589 aa
