3344 5124
763 393 945 455 ..256-

267 544 399 624 flatum
418 542 753 647 consequentibus,
771 541 945 622 similiter
964 565 1032 645 par
1049 539 1194 646 aliquot
1219 538 1405 620 differen-

265 672 340 752 tias
358 669 584 775 prouidebis.

320 798 466 886 Quibus
485 796 539 876 its
555 792 760 900 dispositis,
775 793 1035 873 dotssmmatis
1050 790 1092 875 ἃ
1103 794 1222 873 manti
1236 795 1402 872 firmiter

268 926 416 1007 adfixis:
437 925 612 1029 prompt&
629 909 770 1029 potoris
790 908 839 1003 ox
857 924 1042 1005 mutuatis
1061 924 1255 1029 insigniis,
1278 929 1400 1003 oaeto·

268 1055 395 1158 risque
423 1053 512 1133 olim
539 1051 701 1158 propriis
729 1076 974 1157 quascunque
1001 1051 1301 1131 combinationes
1338 1051 1400 1131 as-

267 1183 425 1283 flngono.

320 1308 401 1387 lam
428 1306 533 1384 vides
561 1306 874 1411 quomadmodum
914 1308 1026 1413 signa
1062 1307 1199 1412 viginti
1234 1309 1402 1411 quatuor

268 1434 561 1525 elementorum,
588 1459 657 1539 per
684 1436 901 1539 quinarium
929 1437 1177 1516 doduoantur.
1205 1435 1334 1523 Quam
1365 1436 1397 1512 si

266 1563 565 1644 oonsideruueris
582 1562 829 1659 industriam,
849 1566 889 1643 in
906 1564 1001 1643 alias
1021 1564 1146 1668 plures
1164 1564 1309 1669 poteris
1328 1589 1399 1666 por

270 1690 510 1794 temetipsum
530 1693 757 1794 promoueri.

317 1821 412 1898 Aua.
435 1818 680 1922 Propositum
700 1819 830 1898 videor
856 1818 949 1897 satis
966 1819 1021 1924 (ni
1041 1816 1225 1923 decipiar)
1245 1817 1401 1896 intelli-

265 1974 368 2054 gere.
387 1946 462 2027 Sed
480 1973 573 2052 rogo
594 1952 645 2039 to,
673 1947 813 2053 aliquid
842 1947 1056 2050 expeditius
1085 1972 1153 2050 pro
1173 1951 1290 2025 oantu
1309 1944 1402 2026 Cir-

266 2099 346 2156 oaeo
366 2073 532 2177 dignaris
552 2072 718 2174 elargiri.

321 2202 500 2280 Bonnam.
520 2200 687 2280 Faciam.

504 2459 814 2540 APPLIOATIO
841 2439 1155 2539 samonaos.
1219 2394 1223 2400 ’

319 2719 445 2797 Habes
473 2719 509 2797 iu
531 2719 676 2800 Ciroaeo
696 2720 844 2824 dialogo
873 2720 996 2823 primo
1025 2721 1118 2799 duas
1147 2718 1394 2823 generalissi-

268 2870 349 2922 mas
370 2847 522 2940 formas‚
543 2845 701 2925 alteram
723 2872 806 2950 quae
826 2854 991 2941 cantum,
1018 2846 1178 2924 alteram
1198 2870 1283 2949 quae
1304 2846 1400 2922 mul-

267 2974 431 3075 tiplicem
451 2982 585 3053 cantus
605 2975 761 3054 includit
785 2973 973 3053 affectum.
993 2975 1139 3053 Harum
1155 2975 1316 3052 alteram
1347 2975 1396 3050 ad

264 3126 379 3180 vnum
396 3103 722 3204 generalissimum
738 3101 963 3190 subiectum,
984 3103 1146 3181 alteram
1166 3104 1260 3180 vend
1281 3103 1327 3180 ad
1349 3102 1400 3179 al·

265 3234 386 3309 tarum
408 3232 563 3311 referas.

321 3358 496 3438 Secundo
524 3360 562 3436 in
583 3359 706 3462 prima
726 3360 931 3438 formarum
952 3358 1257 3462 generalissima,
1278 3357 1399 3434 habes

265 3494 410 3592 septam
430 3490 586 3568 deorum
605 3494 814 3594 ypostases.
829 3488 880 3564 nt
897 3487 936 3565 in
956 3487 1123 3565 secunda
1136 3487 1212 3565 tria
1227 3485 1397 3563 animan-

264 3619 360 3698 tium
379 3643 532 3722 genera.
549 3616 618 3695 Illa
638 3615 829 3720 generalia
844 3616 912 3692 sub
928 3615 1220 3718 generalissimis
1237 3617 1396 3715 septam:

265 3746 337 3822 ista
359 3746 406 3821 ad
436 3745 626 3848 generalia
653 3744 722 3821 sub
752 3768 820 3820 suo
849 3767 1025 3844 supremo
1055 3744 1128 3820 tria
1156 3742 1299 3820 referas
1327 3768 1396 3819 su·

266 3871 410 3949 bieota..

320 3998 451 4077 Tertio
480 3998 595 4077 habes
614 4000 682 4075 snb
704 3997 863 4100 singulis
884 4005 1027 4100 septem
1048 4002 1298 4102 ypostaseon,
1320 4004 1401 4075 tuos

268 4129 517 4202 terminorum
546 4125 712 4225 species:
735 4150 895 4226 quarum
915 4125 999 4202 duaa
1019 4131 1107 4202 sunt
1126 4122 1398 4224 incomplexus,

267 4252 381 4330 tortia
400 4254 491 4328 vend
512 4250 710 4352 complexa
729 4258 797 4327 ost.
820 4253 944 4328 Habes
974 4251 1109 4342 etiam,
1139 4251 1208 4326 sub
1238 4248 1400 4349 singulis

269 4380 384 4457 trium
404 4378 654 4457 animantium
675 4401 872 4479 generum,
901 4377 1028 4480 plures
1045 4378 1193 4455 iniimus
1213 4400 1280 4478 pro
1299 4401 1401 4455 com-
