3368 5122
777 360 936 421 ..43-

291 535 340 588 ne
360 502 638 609 controuersia)
656 505 873 610 Theologus
887 503 951 583 ille
969 504 1224 608 adstipulatur
1244 506 1423 584 maxime:

290 635 354 738 qui
373 632 590 737 perfectiori
610 656 694 710 eam
713 632 912 712 intitulans
932 633 1098 728 nomine,
1112 633 1335 712 interiorem
1356 633 1422 710 ho·

234 795 237 799 ¹
289 763 429 842 minem
448 759 666 864 appellauit.
696 759 804 846 Quod
833 762 864 839 si
888 787 956 865 pro
975 762 1089 840 huius
1109 762 1421 852 confirmatione,

288 888 527 992 operationes
556 888 637 966 sine
666 912 825 991 corpore
852 887 974 967 cidem
1007 889 1203 992 possibiles
1230 889 1421 991 exquiras:

291 1021 391 1098 Ecce
410 1023 514 1096 certo
534 1017 617 1095 loco
636 1018 871 1120 temporique
899 1042 975 1095 non
1003 1016 1195 1095 adstrictis
1223 1016 1425 1119 copulatur

287 1143 394 1237 ideis,
415 1142 725 1246 quotiescumque
744 1146 870 1218 mente
898 1142 1099 1220 animo-ue
1128 1141 1274 1220 solutus
1302 1139 1417 1219 homo

286 1269 487 1348 materiam
507 1269 679 1348 destituit
700 1273 813 1369 atque
831 1272 995 1371 tempus.

727 1518 902 1565 CONGEP'I'VS
920 1521 984 1567 V.E

338 1728 463 1807 Habet
481 1726 610 1805 anima
628 1727 881 1806 substantiam
901 1727 956 1805 ita
975 1727 1021 1806 ad
1041 1750 1224 1830 supernos
1244 1726 1418 1805 intellec·

286 1866 349 1934 tus
367 1882 409 1934 se
427 1856 644 1945 habentem,
664 1857 762 1935 sicut
780 1857 959 1959 diapbani
979 1883 1117 1962 corpus
1131 1859 1179 1936 ad
1198 1856 1342 1936 lumina
1359 1853 1420 1961 (vt
1485 1884 1488 1890 ·

284 1981 533 2087 &principes
554 1983 837 2062 Platonicorum
859 1982 1096 2090 intellexere)
1124 1985 1222 2088 quod
1242 2009 1311 2088 pro
1330 1984 1415 2061 dia·

284 2110 481 2214 pbanitate
499 2112 856 2214 transparentiaique
871 2138 953 2208 sua,
969 2113 1139 2191 nonnihil
1158 2112 1261 2191 velut
1275 2112 1417 2189 innatae

285 2238 557 2318 luminositatis
585 2241 763 2335 admittit,
792 2268 876 2344 quae
904 2268 1053 2345 semper
1080 2247 1138 2320 est
1165 2242 1204 2319 in
1223 2246 1310 2319 actu
1330 2264 1417 2318 cum

283 2377 401 2450 exuta
420 2377 479 2448 est
506 2372 716 2473 incorpore,
738 2376 920 2473 tanquam
942 2371 1134 2474 regionam
1157 2370 1252 2448 lueis
1271 2367 1415 2445 inhabi-

284 2507 380 2578 tans.
401 2499 445 2576 ln
465 2523 622 2601 corpore
642 2500 733 2575 verd
748 2498 889 2600 degens
904 2506 1082 2603 tanquam
1099 2496 1288 2576 cristallus
1308 2497 1415 2574 cuius

283 2625 522 2728 diapbanitas
542 2625 730 2728 opacitate
748 2626 988 2704 terminatur:
1007 2626 1123 2704 habet
1151 2622 1295 2726 species
1324 2647 1415 2701 sen·

282 2752 410 2830 sibiles
438 2778 579 2855 vagas:
600 2777 685 2856 quae
705 2777 773 2855 per
792 2754 1095 2847 conuersionem,
1116 2751 1413 2831 &suasionem

283 2880 391 2958 iuxta
424 2889 654 2983 temporum,
683 2863 924 2983 locorumque
952 2881 1201 2976 differentias,
1230 2881 1414 2959 accedunt

279 3012 394 3110 atqua
412 3008 609 3085 recedunt.

719 3254 893 3300 OONCEPTVS
912 3255 979 3300 Μ

331 3463 479 3540 lterum
497 3463 628 3540 formae
647 3468 736 3540 suut
754 3467 793 3541 in
811 3463 926 3558 ideis,
955 3467 1045 3541 sunt
1067 3460 1341 3565 quodammodo
1369 3461 1409 3539 in

278 3616 318 3667 so
338 3590 442 3695 ipsis;
461 3589 607 3667 suntin
627 3588 743 3684 coelo;
763 3597 854 3668 sunt
880 3591 919 3668 in
949 3590 1102 3694 periodo
1130 3587 1232 3680 caeli,
1253 3595 1342 3665 sunt
1369 3588 1408 3665 in

277 3717 402 3795 causis
422 3715 604 3821 proximis
624 3717 879 3811 seminalibus
901 3724 991 3796 sunt
1018 3718 1056 3795 in
1084 3715 1208 3794 causis
1229 3714 1408 3822 proximis

277 3844 537 3936 efficientibus,
557 3848 648 3921 sunt
667 3843 950 3922 indiuidualiter
970 3845 1007 3923 in
1029 3843 1177 3936 effectu,
1191 3848 1281 3919 sunt
1296 3841 1334 3918 in
1355 3841 1408 3920 lu·

176 4042 179 4047 .
277 3973 389 4064 ritino,
410 3979 499 4049 sunt
518 3973 555 4048 in
576 3971 787 4049 extrinseco
807 3997 933 4065 seusu,
949 3977 1036 4048 suut
1050 3971 1087 4048 in
1105 3971 1320 4047 intrinseco:
1333 3994 1407 4045 um

273 4103 321 4177 do
340 4127 420 4177 suo.
1084 4112 1087 4116 ’
