3344 5124
208 911 211 918 .
340 831 688 933 AENIGMA
728 828 822 924 ET
858 827 1347 925 PARADIGMA

329 1144 334 1153 .
382 1047 519 1124 dosera
544 1039 757 1120 insensibile
788 1038 1015 1117 elementum
1046 1039 1099 1116 ad
1126 1062 1302 1115 neeessa-

382 1201 481 1273 riam
495 1198 652 1300 speeiem
672 1187 711 1270 da
730 1216 938 1268 nnmerum
955 1188 1302 1293 sanabilitatispro·

379 1371 545 1425 mouere.

444 1762 614 1848 man
655 1765 738 1845 aa
781 1762 982 1845 amas
1034 1714 1237 1844 mav-

504 1957 629 2013 meras
661 1930 868 2010 industrias
897 1932 998 2011 viam
1026 1932 1148 2037 aperit
1181 1932 1242 2011 la·

500 2081 686 2162 tissimum
717 2082 749 2159 si
787 2060 867 2161 aias
896 2079 1099 2184 applicatio
1128 2082 1240 2162 vniaa

500 2230 742 2335 percipiatur.

270 2629 410 2713 Irruait
434 2627 507 2696 aaa
531 2629 630 2695 atiud
652 2628 807 2693 rutilum
829 2628 863 2692 si
883 2633 1016 2710 spectat
1039 2628 1086 2692 ad
1108 2633 1238 2703 artum,

310 2758 474 2825 Primum
498 2759 712 2824 ostentanda
736 2761 790 2822 est
812 2758 919 2841 frons
940 2755 1000 2822 vbi
1022 2758 1107 2822 sotis
1130 2761 1240 2842 equis.

265 2888 344 2955 Non
366 2888 507 2971 pariter
531 2889 692 2954 clamans
716 2888 874 2956 obtutum
899 2889 988 2955 dant
1010 2889 1071 2956 vbi
1092 2909 1173 2957 sero

315 3015 444 3084 Vltima
467 3016 594 3084 Phaine
617 3017 674 3082 tui
697 3022 841 3101 teraora
863 3018 1118 3102 quadrupedes.

264 3144 342 3213 Non
367 3146 484 3212 simite
507 3152 559 3212 est
584 3165 769 3222 resonans,
793 3148 934 3231 ai'aitern
958 3149 1145 3231 spectando
1169 3149 1310 3215 Bootena

307 3277 446 3345 Nolano
469 3278 670 3345 adstantem
695 3286 792 3362 noete
816 3279 939 3362 dieique
962 3277 1049 3344 Soio.

263 3409 370 3475 Haud
390 3410 532 3492 pariter
554 3427 657 3475 versa
682 3408 755 3475 aaa
776 3408 838 3475 abi
860 3397 963 3475 teitus
985 3428 1131 3494 corpore
1153 3412 1270 3482 densa.

310 3536 485 3606 Obsistens
511 3540 628 3604 tumen
653 3539 780 3605 occulit
801 3557 886 3605 arsa
913 3539 987 3606 tibi.

194 3653 198 3661 ’
261 3666 455 3735 Diuersum
477 3667 584 3734 dietis
605 3670 774 3752 quintum
800 3672 885 3734 tuna
910 3669 1058 3744 intonat,
1083 3670 1120 3734 in
1144 3688 1181 3734 se

304 3797 383 3864 Non
407 3797 513 3864 oblita
536 3798 597 3864 sui
618 3789 698 3864 aura
721 3800 801 3882 sera
828 3805 897 3864 tota
921 3800 1019 3865 sidet.

259 3929 306 3997 Aa
326 3931 363 3995 si
383 3929 460 3995 eius
482 3948 598 3996 vocem
621 3949 790 3997 sanosum
813 3931 1002 4014 prenderit
1025 3937 1171 3995 antrnna

304 4060 475 4126 Flectitur
498 4057 580 4126 vnd'
592 4079 657 4126 aer
680 4059 898 4126 restituendo
922 4076 1049 4124 sanum

260 4191 338 4257 Ant
360 4188 422 4257 tibi
442 4207 513 4256 aaa
535 4196 689 4256 resonat:
713 4189 771 4255 vet
791 4188 828 4256 si
850 4188 1073 4255 contenderit
1095 4205 1190 4263 rsus,

303 4318 478 4385 Euersam
502 4320 653 4386 reddent
675 4336 779 4386 versa
801 4319 974 4384 elementa
998 4323 1126 4385 notam.
