<?xml version="1.0" encoding="UTF-8"?>
<!DOCTYPE html PUBLIC "-//W3C//DTD XHTML 1.0 Transitional//EN"
    "http://www.w3.org/TR/xhtml1/DTD/xhtml1-transitional.dtd">
<html xmlns="http://www.w3.org/1999/xhtml" xml:lang="en" lang="en">
 <head>
  <title>
</title>
<meta http-equiv="Content-Type" content="text/html;charset=utf-8" />
  <meta name='ocr-system' content='tesseract 3.04.00' />
  <meta name='ocr-capabilities' content='ocr_page ocr_carea ocr_par ocr_line ocrx_word'/>
</head>
<body>
  <div class='ocr_page' id='page_1' title='image "./jordanibruninol06brungoog_0044.png"; bbox 0 0 3344 5124; ppageno 0'>
   <div class='ocr_carea' id='block_1_1' title="bbox 690 378 852 442">
    <p class='ocr_par' dir='ltr' id='par_1_1' title="bbox 690 378 852 442">
     <span class='ocr_line' id='line_1_1' title="bbox 690 378 852 442; baseline 0 -16"><span class='ocrx_word' id='word_1_1' title='bbox 690 378 852 442; x_wconf 80' lang='lat'><strong>..35-</strong></span> 
     </span>
    </p>
   </div>
   <div class='ocr_carea' id='block_1_2' title="bbox 206 522 1338 880">
    <p class='ocr_par' dir='ltr' id='par_1_2' title="bbox 206 522 1338 880">
     <span class='ocr_line' id='line_1_2' title="bbox 208 522 1338 630; baseline 0.002 -28"><span class='ocrx_word' id='word_1_2' title='bbox 208 526 319 604; x_wconf 92' lang='lat' dir='ltr'>bram</span> <span class='ocrx_word' id='word_1_3' title='bbox 337 525 513 630; x_wconf 77' lang='lat' dir='ltr'>producit</span> <span class='ocrx_word' id='word_1_4' title='bbox 532 526 555 602; x_wconf 75' lang='lat' dir='ltr'>a</span> <span class='ocrx_word' id='word_1_5' title='bbox 574 547 730 626; x_wconf 87' lang='lat' dir='ltr'>corpore</span> <span class='ocrx_word' id='word_1_6' title='bbox 749 548 825 602; x_wconf 88' lang='lat' dir='ltr'>vno</span> <span class='ocrx_word' id='word_1_7' title='bbox 845 522 1090 626; x_wconf 72' lang='lat' dir='ltr'>multiplicem</span> <span class='ocrx_word' id='word_1_8' title='bbox 1119 524 1185 601; x_wconf 81' lang='lat' dir='ltr'>lux</span> <span class='ocrx_word' id='word_1_9' title='bbox 1204 526 1338 604; x_wconf 90' lang='lat' dir='ltr'>multi·</span> 
     </span>
     <span class='ocr_line' id='line_1_3' title="bbox 206 651 1337 755; baseline 0.001 -25"><span class='ocrx_word' id='word_1_10' title='bbox 206 652 307 755; x_wconf 84' lang='lat' dir='ltr'>plex:</span> <span class='ocrx_word' id='word_1_11' title='bbox 329 654 539 731; x_wconf 84' lang='lat' dir='ltr'>innumerae</span> <span class='ocrx_word' id='word_1_12' title='bbox 559 651 661 729; x_wconf 90' lang='lat' dir='ltr'>luces</span> <span class='ocrx_word' id='word_1_13' title='bbox 680 652 896 729; x_wconf 89' lang='lat' dir='ltr'>innumeras</span> <span class='ocrx_word' id='word_1_14' title='bbox 911 654 1077 746; x_wconf 83' lang='lat' dir='ltr'>umbras,</span> <span class='ocrx_word' id='word_1_15' title='bbox 1108 653 1194 730; x_wconf 87' lang='lat' dir='ltr'>licet</span> <span class='ocrx_word' id='word_1_16' title='bbox 1222 656 1337 733; x_wconf 89' lang='lat' dir='ltr'>sensi·</span> 
     </span>
     <span class='ocr_line' id='line_1_4' title="bbox 211 776 1337 880; baseline 0.002 -25"><span class='ocrx_word' id='word_1_17' title='bbox 211 778 337 855; x_wconf 89' lang='lat' dir='ltr'>biliter</span> <span class='ocrx_word' id='word_1_18' title='bbox 355 802 430 855; x_wconf 90' lang='lat' dir='ltr'>non</span> <span class='ocrx_word' id='word_1_19' title='bbox 450 782 671 880; x_wconf 79' lang='lat' dir='ltr'><strong>appareant.</strong></span> <span class='ocrx_word' id='word_1_20' title='bbox 689 776 942 879; x_wconf 84' lang='lat' dir='ltr'>Consequitur</span> <span class='ocrx_word' id='word_1_21' title='bbox 957 802 1048 880; x_wconf 83' lang='lat' dir='ltr'>ergo</span> <span class='ocrx_word' id='word_1_22' title='bbox 1062 777 1263 871; x_wconf 83' lang='lat' dir='ltr'>aliomodo</span> <span class='ocrx_word' id='word_1_23' title='bbox 1283 778 1337 857; x_wconf 94' lang='lat' dir='ltr'>lu·</span> 
     </span>
    </p>
   </div>
   <div class='ocr_carea' id='block_1_3' title="bbox 211 902 1342 1010">
    <p class='ocr_par' dir='ltr' id='par_1_3' title="bbox 211 902 1342 1010">
     <span class='ocr_line' id='line_1_5' title="bbox 211 902 1342 1010; baseline -0.001 -25"><span class='ocrx_word' id='word_1_24' title='bbox 211 930 292 985; x_wconf 89' lang='lat' dir='ltr'>cem</span> <span class='ocrx_word' id='word_1_25' title='bbox 312 906 460 1000; x_wconf 76' lang='lat' dir='ltr'>umbra,</span> <span class='ocrx_word' id='word_1_26' title='bbox 472 904 563 983; x_wconf 85' lang='lat' dir='ltr'>licet</span> <span class='ocrx_word' id='word_1_27' title='bbox 577 902 765 982; x_wconf 88' lang='lat' dir='ltr'>camalios</span> <span class='ocrx_word' id='word_1_28' title='bbox 777 906 921 983; x_wconf 89' lang='lat' dir='ltr'>ratione</span> <span class='ocrx_word' id='word_1_29' title='bbox 933 904 1136 1010; x_wconf 79' lang='lat' dir='ltr'>confugere</span> <span class='ocrx_word' id='word_1_30' title='bbox 1155 907 1342 986; x_wconf 87' lang='lat' dir='ltr'>videatur.</span> 
     </span>
    </p>
   </div>
   <div class='ocr_carea' id='block_1_4' title="bbox 591 1184 949 1238">
    <p class='ocr_par' dir='ltr' id='par_1_4' title="bbox 591 1184 949 1238">
     <span class='ocr_line' id='line_1_6' title="bbox 591 1184 949 1238; baseline -0.006 0"><span class='ocrx_word' id='word_1_31' title='bbox 591 1184 762 1238; x_wconf 75' lang='lat' dir='ltr'>lunanum</span> <span class='ocrx_word' id='word_1_32' title='bbox 791 1185 882 1238; x_wconf 82' lang='lat' dir='ltr'>XXV.</span> <span class='ocrx_word' id='word_1_33' title='bbox 913 1188 949 1238; x_wconf 78' lang='lat' dir='ltr'>A.</span> 
     </span>
    </p>
   </div>
   <div class='ocr_carea' id='block_1_5' title="bbox 205 1415 1443 2544">
    <p class='ocr_par' dir='ltr' id='par_1_5' title="bbox 205 1415 1443 2544">
     <span class='ocr_line' id='line_1_7' title="bbox 263 1415 1337 1519; baseline 0.005 -27"><span class='ocrx_word' id='word_1_34' title='bbox 263 1415 340 1492; x_wconf 90' lang='lat' dir='ltr'>Nec</span> <span class='ocrx_word' id='word_1_35' title='bbox 359 1420 397 1492; x_wconf 93' lang='lat' dir='ltr'>te</span> <span class='ocrx_word' id='word_1_36' title='bbox 417 1419 619 1517; x_wconf 79' lang='lat' dir='ltr'>praetereat</span> <span class='ocrx_word' id='word_1_37' title='bbox 639 1415 742 1517; x_wconf 90' lang='lat' dir='ltr'>quod·</span> <span class='ocrx_word' id='word_1_38' title='bbox 756 1419 800 1492; x_wconf 87' lang='lat' dir='ltr'>vt</span> <span class='ocrx_word' id='word_1_39' title='bbox 819 1417 953 1494; x_wconf 90' lang='lat' dir='ltr'>vmbra</span> <span class='ocrx_word' id='word_1_40' title='bbox 972 1415 1094 1493; x_wconf 90' lang='lat' dir='ltr'>lucem</span> <span class='ocrx_word' id='word_1_41' title='bbox 1123 1418 1244 1519; x_wconf 83' lang='lat' dir='ltr'>fugiat</span> <span class='ocrx_word' id='word_1_42' title='bbox 1259 1444 1337 1497; x_wconf 92' lang='lat' dir='ltr'>cor·</span> 
     </span>
     <span class='ocr_line' id='line_1_8' title="bbox 208 1539 1334 1647; baseline 0.003 -28"><span class='ocrx_word' id='word_1_43' title='bbox 208 1543 310 1647; x_wconf 88' lang='lat' dir='ltr'>poris</span> <span class='ocrx_word' id='word_1_44' title='bbox 330 1542 578 1644; x_wconf 79' lang='lat' dir='ltr'>quantitatem</span> <span class='ocrx_word' id='word_1_45' title='bbox 592 1542 788 1620; x_wconf 89' lang='lat' dir='ltr'>mentitur:</span> <span class='ocrx_word' id='word_1_46' title='bbox 809 1539 849 1620; x_wconf 78' lang='lat' dir='ltr'>dr</span> <span class='ocrx_word' id='word_1_47' title='bbox 867 1567 943 1619; x_wconf 92' lang='lat' dir='ltr'>non</span> <span class='ocrx_word' id='word_1_48' title='bbox 963 1542 1035 1620; x_wconf 89' lang='lat' dir='ltr'>nisi</span> <span class='ocrx_word' id='word_1_49' title='bbox 1064 1543 1101 1621; x_wconf 93' lang='lat' dir='ltr'>in</span> <span class='ocrx_word' id='word_1_50' title='bbox 1122 1550 1227 1622; x_wconf 88' lang='lat' dir='ltr'>certa</span> <span class='ocrx_word' id='word_1_51' title='bbox 1248 1545 1334 1622; x_wconf 87' lang='lat' dir='ltr'>vni-</span> 
     </span>
     <span class='ocr_line' id='line_1_9' title="bbox 207 1666 1335 1776; baseline 0.004 -29"><span class='ocrx_word' id='word_1_52' title='bbox 207 1694 327 1773; x_wconf 89' lang='lat' dir='ltr'>caque</span> <span class='ocrx_word' id='word_1_53' title='bbox 346 1668 537 1762; x_wconf 87' lang='lat' dir='ltr'>distantia,</span> <span class='ocrx_word' id='word_1_54' title='bbox 557 1669 645 1762; x_wconf 85' lang='lat' dir='ltr'>situ,</span> <span class='ocrx_word' id='word_1_55' title='bbox 662 1666 701 1746; x_wconf 71' lang='lat' dir='ltr'>dr</span> <span class='ocrx_word' id='word_1_56' title='bbox 721 1670 976 1771; x_wconf 89' lang='lat' dir='ltr'>dispositione:</span> <span class='ocrx_word' id='word_1_57' title='bbox 997 1673 1203 1749; x_wconf 89' lang='lat' dir='ltr'>secundum</span> <span class='ocrx_word' id='word_1_58' title='bbox 1219 1672 1335 1776; x_wconf 84' lang='lat' dir='ltr'>longi·</span> 
     </span>
     <span class='ocr_line' id='line_1_10' title="bbox 210 1794 1443 1904; baseline 0.004 -31"><span class='ocrx_word' id='word_1_59' title='bbox 210 1799 391 1892; x_wconf 88' lang='lat' dir='ltr'>tudinem,</span> <span class='ocrx_word' id='word_1_60' title='bbox 412 1794 705 1874; x_wconf 72' lang='lat' dir='ltr'>&amp;latitudinem</span> <span class='ocrx_word' id='word_1_61' title='bbox 726 1797 872 1899; x_wconf 88' lang='lat' dir='ltr'>corpori</span> <span class='ocrx_word' id='word_1_62' title='bbox 892 1798 1088 1901; x_wconf 87' lang='lat' dir='ltr'>aequalem,</span> <span class='ocrx_word' id='word_1_63' title='bbox 1116 1800 1163 1876; x_wconf 87' lang='lat' dir='ltr'>ab</span> <span class='ocrx_word' id='word_1_64' title='bbox 1192 1800 1339 1904; x_wconf 90' lang='lat' dir='ltr'>opposi·</span> <span class='ocrx_word' id='word_1_65' title='bbox 1439 1850 1443 1860; x_wconf 90' lang='lat'><em>·</em></span> 
     </span>
     <span class='ocr_line' id='line_1_11' title="bbox 208 1926 1334 2030; baseline 0 -27"><span class='ocrx_word' id='word_1_66' title='bbox 208 1933 246 2003; x_wconf 90' lang='lat' dir='ltr'>ta</span> <span class='ocrx_word' id='word_1_67' title='bbox 265 1928 350 2007; x_wconf 93' lang='lat' dir='ltr'>luce</span> <span class='ocrx_word' id='word_1_68' title='bbox 371 1927 592 2030; x_wconf 90' lang='lat' dir='ltr'>producitur</span> <span class='ocrx_word' id='word_1_69' title='bbox 611 1928 758 2022; x_wconf 82' lang='lat' dir='ltr'>umbra,</span> <span class='ocrx_word' id='word_1_70' title='bbox 775 1927 868 2005; x_wconf 93' lang='lat' dir='ltr'>adeo</span> <span class='ocrx_word' id='word_1_71' title='bbox 887 1931 930 2004; x_wconf 81' lang='lat' dir='ltr'>vt</span> <span class='ocrx_word' id='word_1_72' title='bbox 948 1927 1069 2029; x_wconf 87' lang='lat' dir='ltr'>ipsam</span> <span class='ocrx_word' id='word_1_73' title='bbox 1099 1926 1221 2004; x_wconf 92' lang='lat' dir='ltr'>lucem</span> <span class='ocrx_word' id='word_1_74' title='bbox 1242 1928 1334 2005; x_wconf 93' lang='lat' dir='ltr'>nibil</span> 
     </span>
     <span class='ocr_line' id='line_1_12' title="bbox 208 2055 1333 2159; baseline 0 -27"><span class='ocrx_word' id='word_1_75' title='bbox 208 2057 329 2159; x_wconf 84' lang='lat' dir='ltr'>magis</span> <span class='ocrx_word' id='word_1_76' title='bbox 361 2055 494 2153; x_wconf 73' lang='lat' dir='ltr'>fugere</span> <span class='ocrx_word' id='word_1_77' title='bbox 522 2055 716 2146; x_wconf 89' lang='lat' dir='ltr'>videatur,</span> <span class='ocrx_word' id='word_1_78' title='bbox 742 2057 855 2157; x_wconf 77' lang='lat' dir='ltr'>quam</span> <span class='ocrx_word' id='word_1_79' title='bbox 888 2057 1056 2159; x_wconf 91' lang='lat' dir='ltr'>corporis</span> <span class='ocrx_word' id='word_1_80' title='bbox 1084 2058 1333 2158; x_wconf 79' lang='lat' dir='ltr'>quantitatem</span> 
     </span>
     <span class='ocr_line' id='line_1_13' title="bbox 209 2182 1337 2287; baseline 0.004 -29"><span class='ocrx_word' id='word_1_81' title='bbox 209 2209 276 2285; x_wconf 89' lang='lat' dir='ltr'>per</span> <span class='ocrx_word' id='word_1_82' title='bbox 295 2184 467 2260; x_wconf 88' lang='lat' dir='ltr'>vmbram</span> <span class='ocrx_word' id='word_1_83' title='bbox 489 2183 691 2260; x_wconf 89' lang='lat' dir='ltr'>insinuare.</span> <span class='ocrx_word' id='word_1_84' title='bbox 722 2182 787 2260; x_wconf 85' lang='lat' dir='ltr'>Sol</span> <span class='ocrx_word' id='word_1_85' title='bbox 806 2183 942 2287; x_wconf 81' lang='lat' dir='ltr'>quippe</span> <span class='ocrx_word' id='word_1_86' title='bbox 969 2184 1192 2286; x_wconf 89' lang='lat' dir='ltr'>quibusdam</span> <span class='ocrx_word' id='word_1_87' title='bbox 1220 2185 1257 2261; x_wconf 90' lang='lat' dir='ltr'>in</span> <span class='ocrx_word' id='word_1_88' title='bbox 1287 2187 1337 2263; x_wconf 93' lang='lat' dir='ltr'>lo·</span> 
     </span>
     <span class='ocr_line' id='line_1_14' title="bbox 205 2311 1335 2415; baseline 0.004 -29"><span class='ocrx_word' id='word_1_89' title='bbox 205 2311 258 2386; x_wconf 89' lang='lat' dir='ltr'>cis</span> <span class='ocrx_word' id='word_1_90' title='bbox 283 2336 487 2413; x_wconf 85' lang='lat' dir='ltr'>numquam</span> <span class='ocrx_word' id='word_1_91' title='bbox 504 2311 675 2387; x_wconf 81' lang='lat' dir='ltr'>umbram</span> <span class='ocrx_word' id='word_1_92' title='bbox 692 2311 839 2411; x_wconf 91' lang='lat' dir='ltr'>corpori</span> <span class='ocrx_word' id='word_1_93' title='bbox 856 2311 977 2389; x_wconf 90' lang='lat' dir='ltr'>reddit</span> <span class='ocrx_word' id='word_1_94' title='bbox 991 2312 1186 2415; x_wconf 79' lang='lat' dir='ltr'>aequalem,</span> <span class='ocrx_word' id='word_1_95' title='bbox 1199 2312 1236 2390; x_wconf 89' lang='lat' dir='ltr'>in</span> <span class='ocrx_word' id='word_1_96' title='bbox 1252 2313 1335 2391; x_wconf 89' lang='lat' dir='ltr'>aliis</span> 
     </span>
     <span class='ocr_line' id='line_1_15' title="bbox 206 2437 983 2544; baseline -0.001 -26"><span class='ocrx_word' id='word_1_97' title='bbox 206 2466 296 2519; x_wconf 92' lang='lat' dir='ltr'>vero</span> <span class='ocrx_word' id='word_1_98' title='bbox 316 2443 439 2520; x_wconf 90' lang='lat' dir='ltr'>rarius</span> <span class='ocrx_word' id='word_1_99' title='bbox 459 2437 499 2519; x_wconf 82' lang='lat' dir='ltr'>dr</span> <span class='ocrx_word' id='word_1_100' title='bbox 519 2442 563 2518; x_wconf 89' lang='lat' dir='ltr'>ad</span> <span class='ocrx_word' id='word_1_101' title='bbox 583 2440 773 2518; x_wconf 91' lang='lat' dir='ltr'>modicum</span> <span class='ocrx_word' id='word_1_102' title='bbox 793 2440 983 2544; x_wconf 90' lang='lat' dir='ltr'>temporis.</span> 
     </span>
    </p>
   </div>
   <div class='ocr_carea' id='block_1_6' title="bbox 583 2721 950 2776">
    <p class='ocr_par' dir='ltr' id='par_1_6' title="bbox 583 2721 950 2776">
     <span class='ocr_line' id='line_1_16' title="bbox 583 2721 950 2776; baseline -0.003 -3"><span class='ocrx_word' id='word_1_103' title='bbox 583 2721 754 2776; x_wconf 83' lang='lat' dir='ltr'>INTENTIO</span> <span class='ocrx_word' id='word_1_104' title='bbox 782 2723 887 2776; x_wconf 81' lang='lat' dir='ltr'><strong>XXVI.</strong></span> <span class='ocrx_word' id='word_1_105' title='bbox 916 2724 950 2773; x_wconf 76' lang='lat' dir='ltr'>ld.</span> 
     </span>
    </p>
   </div>
   <div class='ocr_carea' id='block_1_7' title="bbox 198 2942 1334 4455">
    <p class='ocr_par' dir='ltr' id='par_1_7' title="bbox 198 2942 1334 4455">
     <span class='ocr_line' id='line_1_17' title="bbox 259 2942 1334 3049; baseline 0.003 -28"><span class='ocrx_word' id='word_1_106' title='bbox 259 2942 297 3021; x_wconf 87' lang='lat' dir='ltr'>Si</span> <span class='ocrx_word' id='word_1_107' title='bbox 318 2946 540 3048; x_wconf 82' lang='lat' dir='ltr'>magnitudo</span> <span class='ocrx_word' id='word_1_108' title='bbox 560 2948 729 3048; x_wconf 90' lang='lat' dir='ltr'>corporis</span> <span class='ocrx_word' id='word_1_109' title='bbox 749 2946 853 3049; x_wconf 84' lang='lat' dir='ltr'>opaci</span> <span class='ocrx_word' id='word_1_110' title='bbox 874 2947 986 3024; x_wconf 93' lang='lat' dir='ltr'>lucidi</span> <span class='ocrx_word' id='word_1_111' title='bbox 1006 2947 1173 3049; x_wconf 87' lang='lat' dir='ltr'>corporis</span> <span class='ocrx_word' id='word_1_112' title='bbox 1193 2947 1334 3049; x_wconf 88' lang='lat' dir='ltr'>magni·</span> 
     </span>
     <span class='ocr_line' id='line_1_18' title="bbox 204 3069 1332 3177; baseline 0.003 -29"><span class='ocrx_word' id='word_1_113' title='bbox 204 3069 373 3149; x_wconf 88' lang='lat' dir='ltr'>tudinem</span> <span class='ocrx_word' id='word_1_114' title='bbox 394 3073 575 3166; x_wconf 81' lang='lat' dir='ltr'>excaedat3</span> <span class='ocrx_word' id='word_1_115' title='bbox 597 3074 769 3176; x_wconf 90' lang='lat' dir='ltr'>producit</span> <span class='ocrx_word' id='word_1_116' title='bbox 797 3075 942 3151; x_wconf 88' lang='lat' dir='ltr'>vmbrae</span> <span class='ocrx_word' id='word_1_117' title='bbox 971 3097 1107 3150; x_wconf 92' lang='lat' dir='ltr'>conum</span> <span class='ocrx_word' id='word_1_118' title='bbox 1136 3072 1175 3150; x_wconf 93' lang='lat' dir='ltr'>in</span> <span class='ocrx_word' id='word_1_119' title='bbox 1204 3099 1332 3177; x_wconf 92' lang='lat' dir='ltr'>corpo·</span> 
     </span>
     <span class='ocr_line' id='line_1_19' title="bbox 204 3186 1329 3305; baseline 0.002 -29"><span class='ocrx_word' id='word_1_120' title='bbox 204 3224 259 3292; x_wconf 88' lang='lat' dir='ltr'>re,</span> <span class='ocrx_word' id='word_1_121' title='bbox 277 3201 399 3278; x_wconf 89' lang='lat' dir='ltr'>basim</span> <span class='ocrx_word' id='word_1_122' title='bbox 419 3186 510 3278; x_wconf 85' lang='lat' dir='ltr'>vero</span> <span class='ocrx_word' id='word_1_123' title='bbox 529 3202 678 3305; x_wconf 88' lang='lat' dir='ltr'>proiicit</span> <span class='ocrx_word' id='word_1_124' title='bbox 696 3201 733 3277; x_wconf 92' lang='lat' dir='ltr'>in</span> <span class='ocrx_word' id='word_1_125' title='bbox 753 3201 940 3279; x_wconf 89' lang='lat' dir='ltr'>infinitam</span> <span class='ocrx_word' id='word_1_126' title='bbox 960 3226 1027 3279; x_wconf 91' lang='lat' dir='ltr'>sen</span> <span class='ocrx_word' id='word_1_127' title='bbox 1046 3201 1329 3281; x_wconf 85' lang='lat' dir='ltr'>interminatam</span> 
     </span>
     <span class='ocr_line' id='line_1_20' title="bbox 201 3325 1328 3431; baseline 0.004 -30"><span class='ocrx_word' id='word_1_128' title='bbox 201 3325 428 3405; x_wconf 88' lang='lat' dir='ltr'>distantiam.</span> <span class='ocrx_word' id='word_1_129' title='bbox 452 3327 493 3406; x_wconf 90' lang='lat' dir='ltr'>Si</span> <span class='ocrx_word' id='word_1_130' title='bbox 513 3353 603 3407; x_wconf 91' lang='lat' dir='ltr'>vero</span> <span class='ocrx_word' id='word_1_131' title='bbox 624 3328 844 3429; x_wconf 86' lang='lat' dir='ltr'>magnitudo</span> <span class='ocrx_word' id='word_1_132' title='bbox 871 3329 992 3421; x_wconf 90' lang='lat' dir='ltr'>lucis,</span> <span class='ocrx_word' id='word_1_133' title='bbox 1022 3328 1191 3431; x_wconf 85' lang='lat' dir='ltr'>corporis</span> <span class='ocrx_word' id='word_1_134' title='bbox 1221 3328 1328 3431; x_wconf 88' lang='lat' dir='ltr'>opaci</span> 
     </span>
     <span class='ocr_line' id='line_1_21' title="bbox 200 3454 1330 3559; baseline 0.004 -30"><span class='ocrx_word' id='word_1_135' title='bbox 200 3454 502 3557; x_wconf 84' lang='lat' dir='ltr'>magnitudinem</span> <span class='ocrx_word' id='word_1_136' title='bbox 540 3456 734 3533; x_wconf 88' lang='lat' dir='ltr'>excaedat:</span> <span class='ocrx_word' id='word_1_137' title='bbox 763 3454 935 3559; x_wconf 84' lang='lat' dir='ltr'>producit</span> <span class='ocrx_word' id='word_1_138' title='bbox 963 3458 1106 3534; x_wconf 81' lang='lat' dir='ltr'>umbrae</span> <span class='ocrx_word' id='word_1_139' title='bbox 1144 3456 1264 3532; x_wconf 88' lang='lat' dir='ltr'>basim</span> <span class='ocrx_word' id='word_1_140' title='bbox 1292 3457 1330 3534; x_wconf 91' lang='lat' dir='ltr'>in</span> 
     </span>
     <span class='ocr_line' id='line_1_22' title="bbox 200 3584 1329 3687; baseline -0.002 -25"><span class='ocrx_word' id='word_1_141' title='bbox 200 3608 370 3687; x_wconf 90' lang='lat' dir='ltr'>corpore,</span> <span class='ocrx_word' id='word_1_142' title='bbox 381 3608 517 3662; x_wconf 89' lang='lat' dir='ltr'>conum</span> <span class='ocrx_word' id='word_1_143' title='bbox 537 3587 626 3660; x_wconf 87' lang='lat' dir='ltr'>verd</span> <span class='ocrx_word' id='word_1_144' title='bbox 645 3584 909 3663; x_wconf 88' lang='lat' dir='ltr'>determinabit</span> <span class='ocrx_word' id='word_1_145' title='bbox 927 3586 965 3661; x_wconf 95' lang='lat' dir='ltr'>in</span> <span class='ocrx_word' id='word_1_146' title='bbox 984 3609 1055 3662; x_wconf 87' lang='lat' dir='ltr'>sua</span> <span class='ocrx_word' id='word_1_147' title='bbox 1070 3593 1179 3661; x_wconf 85' lang='lat' dir='ltr'>extra</span> <span class='ocrx_word' id='word_1_148' title='bbox 1193 3608 1329 3684; x_wconf 90' lang='lat' dir='ltr'>corpus</span> 
     </span>
     <span class='ocr_line' id='line_1_23' title="bbox 199 3711 1326 3815; baseline 0.005 -28"><span class='ocrx_word' id='word_1_149' title='bbox 199 3711 320 3813; x_wconf 92' lang='lat' dir='ltr'>ipsum</span> <span class='ocrx_word' id='word_1_150' title='bbox 351 3712 577 3815; x_wconf 91' lang='lat' dir='ltr'>proiectione</span> <span class='ocrx_word' id='word_1_151' title='bbox 605 3713 652 3789; x_wconf 90' lang='lat' dir='ltr'>ad</span> <span class='ocrx_word' id='word_1_152' title='bbox 681 3712 817 3806; x_wconf 87' lang='lat' dir='ltr'>talem,</span> <span class='ocrx_word' id='word_1_153' title='bbox 837 3718 1055 3814; x_wconf 88' lang='lat' dir='ltr'>tantamque</span> <span class='ocrx_word' id='word_1_154' title='bbox 1083 3712 1326 3793; x_wconf 86' lang='lat' dir='ltr'>distantiam:</span> 
     </span>
     <span class='ocr_line' id='line_1_24' title="bbox 199 3839 1330 3945; baseline 0.001 -27"><span class='ocrx_word' id='word_1_155' title='bbox 199 3845 379 3944; x_wconf 88' lang='lat' dir='ltr'>quantam</span> <span class='ocrx_word' id='word_1_156' title='bbox 394 3839 614 3942; x_wconf 81' lang='lat' dir='ltr'>magnitudo</span> <span class='ocrx_word' id='word_1_157' title='bbox 630 3841 797 3945; x_wconf 92' lang='lat' dir='ltr'>corporis</span> <span class='ocrx_word' id='word_1_158' title='bbox 807 3841 920 3919; x_wconf 92' lang='lat' dir='ltr'>lucidi</span> <span class='ocrx_word' id='word_1_159' title='bbox 940 3866 1052 3942; x_wconf 86' lang='lat' dir='ltr'>supra</span> <span class='ocrx_word' id='word_1_160' title='bbox 1074 3839 1179 3941; x_wconf 89' lang='lat' dir='ltr'>opaci</span> <span class='ocrx_word' id='word_1_161' title='bbox 1200 3865 1330 3943; x_wconf 89' lang='lat' dir='ltr'>corpo·</span> 
     </span>
     <span class='ocr_line' id='line_1_25' title="bbox 199 3968 1326 4073; baseline 0.003 -29"><span class='ocrx_word' id='word_1_162' title='bbox 199 3968 251 4044; x_wconf 89' lang='lat' dir='ltr'>ris</span> <span class='ocrx_word' id='word_1_163' title='bbox 279 3968 578 4068; x_wconf 84' lang='lat' dir='ltr'>magnitudinem</span> <span class='ocrx_word' id='word_1_164' title='bbox 607 3968 922 4073; x_wconf 87' lang='lat' dir='ltr'>proportionalem</span> <span class='ocrx_word' id='word_1_165' title='bbox 942 3968 1108 4046; x_wconf 89' lang='lat' dir='ltr'>obtinuit</span> <span class='ocrx_word' id='word_1_166' title='bbox 1128 3968 1326 4047; x_wconf 90' lang='lat' dir='ltr'>rationem.</span> 
     </span>
     <span class='ocr_line' id='line_1_26' title="bbox 198 4094 1327 4198; baseline 0 -27"><span class='ocrx_word' id='word_1_167' title='bbox 198 4094 297 4173; x_wconf 91' lang='lat' dir='ltr'>Hinc</span> <span class='ocrx_word' id='word_1_168' title='bbox 316 4096 448 4172; x_wconf 81' lang='lat' dir='ltr'>umbra</span> <span class='ocrx_word' id='word_1_169' title='bbox 468 4094 692 4197; x_wconf 86' lang='lat' dir='ltr'>quamlunae</span> <span class='ocrx_word' id='word_1_170' title='bbox 710 4121 846 4198; x_wconf 90' lang='lat' dir='ltr'>corpus</span> <span class='ocrx_word' id='word_1_171' title='bbox 856 4095 1021 4172; x_wconf 90' lang='lat' dir='ltr'>lucidum</span> <span class='ocrx_word' id='word_1_172' title='bbox 1039 4096 1263 4196; x_wconf 92' lang='lat' dir='ltr'>produceret</span> <span class='ocrx_word' id='word_1_173' title='bbox 1281 4095 1327 4172; x_wconf 93' lang='lat' dir='ltr'>de</span> 
     </span>
     <span class='ocr_line' id='line_1_27' title="bbox 199 4221 1327 4329; baseline 0.003 -31"><span class='ocrx_word' id='word_1_174' title='bbox 199 4221 351 4298; x_wconf 88' lang='lat' dir='ltr'>terrain</span> <span class='ocrx_word' id='word_1_175' title='bbox 369 4226 512 4320; x_wconf 88' lang='lat' dir='ltr'>partem</span> <span class='ocrx_word' id='word_1_176' title='bbox 532 4224 742 4324; x_wconf 90' lang='lat' dir='ltr'>oppositam</span> <span class='ocrx_word' id='word_1_177' title='bbox 754 4222 891 4329; x_wconf 88' lang='lat' dir='ltr'>(posito</span> <span class='ocrx_word' id='word_1_178' title='bbox 907 4224 1004 4325; x_wconf 92' lang='lat' dir='ltr'>quod</span> <span class='ocrx_word' id='word_1_179' title='bbox 1019 4222 1073 4300; x_wconf 89' lang='lat' dir='ltr'>sol</span> <span class='ocrx_word' id='word_1_180' title='bbox 1089 4223 1187 4300; x_wconf 78' lang='lat' dir='ltr'>absit</span> <span class='ocrx_word' id='word_1_181' title='bbox 1201 4225 1247 4300; x_wconf 90' lang='lat' dir='ltr'>ab</span> <span class='ocrx_word' id='word_1_182' title='bbox 1265 4225 1327 4301; x_wconf 90' lang='lat' dir='ltr'>he·</span> 
     </span>
     <span class='ocr_line' id='line_1_28' title="bbox 198 4347 1328 4455; baseline 0.003 -30"><span class='ocrx_word' id='word_1_183' title='bbox 198 4347 416 4453; x_wconf 87' lang='lat' dir='ltr'>misphaerio</span> <span class='ocrx_word' id='word_1_184' title='bbox 434 4347 620 4455; x_wconf 87' lang='lat' dir='ltr'>inferiori)</span> <span class='ocrx_word' id='word_1_185' title='bbox 641 4349 797 4428; x_wconf 88' lang='lat' dir='ltr'>haberet</span> <span class='ocrx_word' id='word_1_186' title='bbox 824 4375 892 4454; x_wconf 92' lang='lat' dir='ltr'>pro</span> <span class='ocrx_word' id='word_1_187' title='bbox 921 4376 1016 4428; x_wconf 92' lang='lat' dir='ltr'>cono</span> <span class='ocrx_word' id='word_1_188' title='bbox 1044 4355 1185 4428; x_wconf 89' lang='lat' dir='ltr'>certam</span> <span class='ocrx_word' id='word_1_189' title='bbox 1216 4357 1328 4428; x_wconf 88' lang='lat' dir='ltr'>terrae</span> 
     </span>
    </p>
   </div>
   <div class='ocr_carea' id='block_1_8' title="bbox 0 0 1676 5124">
    <p class='ocr_par' dir='ltr' id='par_1_8' title="bbox 0 0 1676 5124">
     <span class='ocr_line' id='line_1_29' title="bbox 0 0 1676 5124; baseline 0 3"><span class='ocrx_word' id='word_1_190' title='bbox 0 0 1676 5124; x_wconf 95' lang='lat' dir='ltr'> </span> 
     </span>
    </p>
   </div>
  </div>
 </body>
</html>
