3344 5124
841 371 1003 432 ..88-

354 522 515 602 viderim
531 547 540 617 ;
560 545 630 600 nec
649 546 715 624 per
735 521 886 600 eosdem
905 542 1054 624 quoquo
1074 523 1184 622 pacto
1203 518 1410 597 definitum:
1430 515 1482 618 ip·

352 676 437 730 sum
457 650 493 728 in
514 649 787 728 memoratione
815 653 873 727 est
892 648 1106 727 necessario
1130 671 1362 725 concurrens
1382 644 1481 747 prin-

351 778 490 882 cipium
508 777 619 881 (loca.
634 800 672 853 n.
688 776 830 854 habent
848 777 922 853 vim
942 800 1018 853 non
1039 774 1127 876 quia
1148 774 1243 862 loca,
1258 795 1380 876 neque
1394 769 1484 873 quia

351 907 579 1009 imaginata:
599 907 664 983 sed
683 905 772 1007 quia
792 904 906 983 talem
926 927 1125 981 numerum
1145 902 1332 979 incorum
1351 898 1481 976 ordine

351 1034 530 1114 latentem
549 1030 836 1136 habent)·cuius
865 1032 1051 1110 rationem
1071 1031 1232 1108 duarum
1255 1025 1481 1106 differentia·

350 1187 434 1241 rum
449 1161 624 1268 (quarum
640 1161 761 1239 altera
776 1160 966 1239 contrahit
982 1161 1105 1262 ipsum
1121 1186 1241 1264 genus
1257 1158 1482 1262 proximius,

351 1290 472 1369 altera
490 1289 682 1368 contrahit
701 1288 862 1366 alteram
879 1295 921 1365 vt
941 1288 1074 1365 melius
1093 1309 1295 1390 possumus
1316 1286 1388 1363 hoc
1407 1309 1478 1388 pa-

351 1424 425 1510 cto,
445 1418 688 1521 explicamus.
719 1416 908 1494 Numerus
927 1415 1104 1495 videlicet
1129 1415 1383 1518 aquetuitate
1411 1414 1479 1490 de·

353 1547 579 1634 nominatae,
599 1545 721 1623 dictus
741 1544 786 1620 ad
806 1543 1057 1622 didercntiam
1077 1545 1225 1625 numeri
1249 1539 1480 1623 denominati

351 1699 418 1778 per
432 1673 667 1778 qnotitatem,
678 1696 751 1775 quo
762 1672 1073 1776 responderemus
1085 1672 1268 1777 quaerenti
1284 1675 1376 1774 quot
1391 1673 1481 1748 sunt

351 1802 470 1880 ouesl
490 1802 541 1879 m
558 1800 702 1878 numeri
723 1800 953 1878 denominati
975 1825 1042 1904 per
1061 1802 1312 1906 quotuitatem
1330 1823 1405 1901 quo
1427 1822 1482 1876 re

352 1931 625 2034 sponderemus
640 1929 821 2031 quaerenti
838 1930 985 2032 quoties
996 1936 1182 2008 venerunt
1198 1954 1289 2009 oues
1304 1929 1343 2005 in
1354 1950 1483 2007 occur·

351 2059 462 2137 sumt
480 2083 546 2163 per
566 2058 701 2161 ipsum.
720 2058 869 2135 neatis
889 2058 1099 2138 faceremus
1129 2060 1326 2164 quaerenti.
1356 2057 1481 2144 Quota
1554 2125 1562 2144 .

352 2192 410 2264 est
429 2187 503 2264 ista
522 2185 632 2264 ouis‘l
661 2191 775 2285 quota
795 2193 852 2262 est
870 2185 934 2262 illa
954 2188 1063 2265 ouisl
1091 2185 1131 2266 a
1159 2188 1241 2266 ideo
1266 2184 1481 2265 differenter

351 2341 419 2418 per
438 2315 692 2418 quotuitatem
711 2314 861 2392 dicitur.
882 2314 975 2400 Quae
1004 2341 1092 2393 oum
1111 2316 1257 2393 duobus
1281 2315 1406 2393 adhuc
1424 2338 1483 2390 su·

353 2451 480 2524 matur
496 2444 618 2522 modis
637 2448 718 2520 tum
739 2441 913 2520 videlicet
940 2446 981 2518 vt
1001 2443 1201 2545 respondet
1229 2468 1295 2546 per
1319 2442 1482 2546 primum

349 2574 562 2684 'secundum
590 2567 630 2650 dr
650 2572 815 2648 tertium:
836 2570 915 2649 tum
936 2577 979 2648 vt
996 2572 1131 2675 primo,
1152 2571 1212 2649 vel
1232 2570 1397 2649 secundo
1421 2567 1483 2646 vel

353 2701 466 2779 tertio
486 2725 555 2778 suo
575 2700 740 2776 occurrit
760 2697 818 2776 vel
838 2723 1036 2777 occurrere
1056 2699 1145 2778 facit
1164 2698 1314 2778 ordine:
1339 2697 1415 2777 iam
1442 2698 1482 2775 in

353 2829 543 2932 proposita
563 2829 672 2905 iuxta
691 2829 894 2905 secundam
921 2830 1159 2933 specificatur
1186 2829 1396 2933 proximam
1417 2827 1481 2904 dil·

353 2955 573 3049 ferentiam3
593 2979 668 3032 non
688 2960 815 3034 autem
834 2957 1007 3058 primam.
1025 2957 1107 3035 Est.
1129 2983 1165 3035 n.
1186 2958 1380 3060 quotuitas
1399 2982 1482 3061 pra·

349 3083 447 3161 ctica
466 3105 543 3160 non
563 3082 756 3177 theorica,
776 3108 871 3186 quae.
891 3111 922 3162 s.
942 3111 1017 3162 non
1037 3087 1077 3163 in
1097 3086 1242 3163 ratione
1272 3087 1337 3163 sed
1355 3084 1479 3186 magis

349 3212 572 3315 proprieque
592 3210 632 3286 in
652 3237 721 3287 vsu
742 3212 926 3289 consistit.
949 3211 1023 3297 Qui
1044 3213 1194 3316 quidem
1213 3240 1304 3291 rsus
1324 3212 1478 3316 duplici·

349 3346 408 3417 ter
427 3338 584 3431 accidit3
606 3335 646 3416 dn
665 3338 839 3418 videlicet
856 3341 976 3443 primo
1004 3367 1092 3419 cum
1111 3344 1273 3445 quodam
1303 3349 1480 3445 respectu

351 3469 646 3572 habitudineque
665 3470 916 3549 determinata
933 3473 1095 3574 quadam
1117 3533 1127 3569 ,
1155 3477 1199 3550 vt
1227 3473 1413 3575 contingit
1431 3472 1477 3549 iis

350 3596 413 3698 qui
433 3621 500 3700 per
519 3596 723 3696 ingenium,
744 3598 943 3694 rationem,
963 3595 1003 3676 <ln
1022 3599 1325 3703 intelligentiam,
1347 3624 1478 3677 recor·

351 3726 515 3802 dantur:
536 3749 622 3802 cum
650 3726 772 3804 sciant
791 3727 836 3805 de
855 3726 928 3804 hoc
948 3754 1031 3805 esse
1051 3729 1274 3822 dicendum,
1304 3730 1378 3806 hoc
1397 3753 1480 3805 esse

348 3854 636 3958 proferendum,
666 3852 901 3959 &posthoc
929 3857 1033 3960 sequi
1062 3856 1178 3950 illud,
1208 3855 1248 3936 dr
1276 3861 1361 3962 post
1387 3857 1478 3934 illud

347 3983 622 4062 rationabiliter
643 3985 756 4064 aliud:
778 3987 815 4064 in
836 3986 971 4091 quibus
989 3989 1139 4092 proprie
1158 3987 1238 4064 fieri
1258 3987 1396 4064 dicitur
1413 4012 1476 4062 re·

348 4111 599 4205 miniscentia,
615 4118 657 4189 vt
673 4119 776 4215 patet
790 4141 858 4218 per
872 4116 1055 4195 famosam
1070 4117 1348 4195 distinctionem
1359 4115 1481 4220 ipsius

347 4241 584 4318 amcmoria.
605 4241 657 4319 Et
675 4243 837 4320 secundo
857 4243 937 4322 sine
956 4250 1162 4346 apparente
1181 4229 1385 4346 respectui
1412 4245 1478 4321 sed

347 4367 471 4472 potius
490 4391 577 4446 cum
597 4371 759 4473 quadam
778 4372 898 4474 magis
917 4373 1088 4452 absoluta
1101 4373 1206 4480 (licet
1219 4398 1294 4452 non
1310 4398 1401 4452 vero
1416 4373 1478 4450 ab·
