917 1452
376 188 467 204 ,255-

168 226 215 245 Am.
226 225 275 246 Quid
284 225 345 244 credis
355 224 416 251 ipsum
425 224 460 244 sibi
470 224 519 244 velle
528 230 561 250 per
568 225 605 244 hoc
612 224 703 250 aenigma?

166 257 214 277 Bon.
225 256 293 276 Dicam
302 258 323 276 vt
333 263 415 282 possum.
429 256 504 276 Habeas
519 256 543 276 ab
556 256 639 276 inuicem
652 262 705 282 sepo·

140 288 177 308 sita
192 288 278 307 subiecta
292 290 373 314 quatuor
386 286 407 307 ἀ
421 287 500 313 viginti,
514 293 556 313 quae
570 287 658 307 vniuersn
667 293 705 306 non

140 319 245 343 adiaceant,
254 325 292 339 non
301 319 414 343 inhaereant,
422 325 460 338 non
468 319 587 345 contingant.
594 318 632 338 Sed
638 318 703 343 libera,

140 350 160 371 ἃ
169 351 254 371 solitaria
262 351 293 371 vel
302 351 397 371 situentur
406 351 437 371 vel
446 351 517 371 situata
526 350 663 377 intelligantur.

166 382 207 402 Tuo
216 382 258 408 ipsa
267 382 301 402 tibi
312 383 381 409 poter-is
391 382 462 408 eligere
471 382 549 402 arbitrio
555 397 560 406 ,
569 382 626 402 huius
640 384 703 402 tamen

140 420 180 434 esse
187 414 256 434 debent
263 414 338 440 generis
347 414 370 434 B.
378 415 446 434 Arbor.
457 414 478 433 C.
486 414 585 434 Columna.
593 414 617 434 D.
624 415 704 434 Puteus.

140 447 161 466 F.
172 446 217 466 Ara.
227 446 251 466 G.
262 446 378 466 Pstibulum.
388 446 413 465 Η,
422 446 495 466 Mensa.
505 446 531 465 K.
540 446 616 466 Lectus.
626 446 648 465 L.
658 445 704 466 Sta-

140 480 181 497 tua.
190 478 217 497 M.
227 473 324 498 Tribunal.
334 478 358 498 N.
368 477 469 497 Cathedra.
477 478 500 497 P.
509 478 592 498 Fornax.
602 478 625 500 Q.
635 478 704 498 Focun.

140 510 166 530 R.
176 510 239 529 Inous.
249 510 269 530 S.
278 510 349 530 Archa.
359 510 381 529 T.
391 510 469 529 Saxum.
479 509 504 529 V.
513 509 607 536 Pyramis.
614 509 638 530 X.
646 510 706 529 Horo-

141 541 219 567 logium.
233 541 258 561 Y.
272 542 345 561 Fouea.
358 542 377 561 Ζ.
393 541 524 567 Sepulchrum.
534 542 557 561 Α,
568 542 673 561 Feretrum.
682 541 705 561 E.

140 573 254 592 Saerarium.
264 573 280 593 I.
290 572 347 598 Ignis.
357 572 380 593 Ο.
395 572 486 598 Lepidum
501 572 594 592 cumulus.
608 572 632 592 V.
646 573 703 592 Fons.

141 604 187 626 Quae
197 606 278 630 quatuor
287 604 307 624 ἃ
317 604 385 630 viginti
395 604 429 624 tibi
438 604 538 630 designent
548 604 646 624 elementa.

167 636 249 656 Proinde
256 637 280 656 ad
285 636 426 656 constituendas
434 643 500 656 eorum
508 636 578 663 primns
585 636 705 656 combinatio-

140 675 174 688 nes
184 669 260 688 addicas
269 669 397 688 subiectorum
406 668 499 688 dictorum
506 668 585 694 singulis
593 668 704 691 adsistentis

142 700 230 726 quinque,
238 707 281 727 quae
290 700 360 726 duplici
367 700 473 720 differentia
480 701 617 726 praecedentem
626 700 655 720 vel
662 700 705 720 sub-

138 734 249 758 sequentem
266 732 298 752 tibi
313 734 377 752 notam
391 732 527 752 demonstrent.
538 732 612 752 Extant
621 732 705 758 quinqua

139 764 244 784 cardinales
254 764 371 784 differentiae.
381 764 508 787 Occidentale,
517 764 620 787 Orientale,
629 763 705 790 Septen-

140 796 231 820 trionale,
245 796 345 819 Australe,
356 795 376 815 ἃ
385 796 474 815 Medium.
484 796 557 815 Extant
570 796 612 815 aliae
621 795 703 822 quinque

140 829 224 853 sstuales,
231 830 323 855 prostare,
330 829 387 851 flecti,
398 829 469 852 sedere,
477 829 552 852 cubare,
558 828 625 848 iacere.
634 827 706 847 Extant

140 861 183 881 aliae
192 861 274 887 quinque
283 861 358 884 locales,
365 863 416 883 ante,
425 863 482 884 retro,
490 866 571 884 sui-sum,
579 860 674 884 deorsum,
684 860 704 879 in

140 893 207 912 medio.
223 893 295 914 Quibus
307 893 382 918 quidem
391 893 447 912 trinis
457 892 577 916 differentiis,
586 892 704 916 subiectum,

140 924 220 950 insigne,
229 923 249 944 ἃ
257 924 385 950 operationem
394 923 533 950 quintuplicare
542 924 663 943 consonando
672 930 706 946 vn-

140 956 193 976 lehis.

165 988 283 1008 Adsistentia
292 988 381 1014 quinque,
389 995 422 1014 per
431 988 516 1008 diuersos
526 990 579 1008 actus
590 988 613 1008 ad
622 990 704 1014 quatuor

139 1019 159 1039 ἃ
169 1020 236 1046 viginti
246 1020 361 1040 differentias
371 1020 505 1046 multiplicatos
513 1020 625 1040 elementum
634 1026 703 1040 sonans

138 1053 194 1077 atque
208 1058 313 1072 consonans
327 1053 396 1072 addere
411 1054 497 1078 possunt.
512 1053 547 1074 Qui
563 1053 638 1079 quidem
648 1052 702 1073 difle-

138 1084 245 1104 rentiarum
254 1091 356 1108 numerus,
371 1085 390 1104 in
405 1085 485 1104 diuersis
499 1085 616 1111 compleatur
627 1085 703 1111 genori-

138 1115 180 1139 bus,
190 1117 211 1135 vt
220 1116 317 1135 commode
327 1116 391 1135 veniat
400 1116 419 1135 in
431 1123 489 1135 vsuni.

165 1148 203 1167 Pro
217 1148 292 1174 liquidis
308 1148 433 1168 mediantibus
443 1148 551 1172 elementis,
561 1148 584 1168 iis
593 1148 672 1174 denique
681 1148 702 1168 ἀ

137 1180 178 1199 aliis
188 1180 269 1206 primam
278 1180 437 1200 combinationem
448 1186 472 1200 ex
482 1181 555 1200 duobus
564 1180 652 1200 videlicet
661 1187 704 1200 con-
