3344 5124
282 520 325 567 aa
348 497 508 585 Rhegima

283 628 327 677 an
351 606 452 675 Osiris

282 738 317 786 ar
345 717 444 786 Ceres

280 849 322 897 ao
346 826 563 913 Triptolemus

280 959 326 1008 av
349 939 524 1006 Pitumnus

278 1157 330 1224 Ba
352 1155 559 1224 Erichtonius

277 1268 328 1334 Bn
351 1266 503 1335 Glaucias

279 1377 320 1443 B1
350 1375 493 1443 Thraces

280 1485 329 1552 Bo
352 1484 435 1551 Misa

279 1594 329 1660 Bv
350 1592 500 1681 Pyrodes

279 1811 326 1880 Oa
349 1811 514 1878 Hasamon

279 1919 326 1988 Gn
349 1919 464 2008 Phega

279 2030 317 2099 01
347 2030 497 2097 Bethaict

278 2140 324 2209 Co
347 2140 518 2207 Pilumnus

277 2251 325 2321 Ov
348 2250 504 2319 Oresteae

274 2471 325 2538 Da
348 2472 445 2540 No'ah

273 2580 323 2648 Dn
345 2581 442 2648 Liber

273 2691 313 2758 Du
343 2691 507 2777 Staphilus

272 2802 321 2869 Do
344 2804 403 2869 Isis

272 2909 324 2977 Dv
346 2911 495 2978 Minerua

272 3134 322 3201 Ea
344 3132 493 3199 Aristeus

271 3244 319 3310 En
342 3242 500 3311 Nembrot

270 3352 311 3419 Ει
341 3353 457 3420 Phalla

269 3461 317 3528 Εο
340 3461 451 3529 Gebur

268 3569 317 3634 Eu
340 3570 516 3638 Ramessus

266 3790 326 3857 FA
348 3792 513 3879 Regomer

266 3901 322 3966 Fu
346 3901 487 3989 Sargum

267 4010 310 4077 FI
340 4010 470 4078 Danaus

265 4119 322 4186 FO
346 4121 468 4188 Dexius

265 4230 324 4297 FV
346 4229 434 4296 Iobal

757 355 936 417 -124-

872 516 988 584 panem
1012 500 1239 565 castanearum

873 610 906 675 in
927 609 1159 696 agricuituram

873 720 906 785 in
931 720 1008 807 iuga
1029 719 1150 788 bonnm

872 830 952 896 serit

872 943 1035 1007 stercorat

870 1155 904 1221 in
928 1173 1059 1221 currum

872 1265 994 1331 ferrum
1018 1266 1165 1333 extendit

873 1377 906 1440 in
930 1374 1045 1441 faicem

872 1483 938 1550 sale
963 1485 1073 1552 condit

870 1592 965 1660 Silice
980 1594 1090 1680 ignem
1106 1597 1233 1662 excut‘t

872 1810 1104 1897 'transplantet

871 1920 985 1986 inserit

872 2036 905 2094 in
929 2029 1065 2095 Asinum
1081 2035 1250 2098 vectorem

867 2143 1065 2208 frumentum
1090 2143 1168 2208 terit

867 2256 962 2317 curat
984 2254 1070 2319 vites

863 2475 995 2542 vineam
1020 2471 1150 2540 ordinat

863 2588 975 2654 vinum
999 2588 1118 2673 promit
1141 2609 1184 2653 ex
1209 2587 1308 2654 ordeo

863 2698 1023 2762 invirum
1043 2696 1247 2783 lymphatum

861 2808 893 2872 in
915 2806 1043 2871 ordines
1067 2808 1238 2873 hortorum

863 2917 896 2982 in
921 2915 1025 2980 oleam

861 3135 895 3200 in
916 3133 1017 3200 mellis
1032 3133 1224 3201 industriam

861 3249 1001 3312 venator

863 3357 895 3420 in
919 3354 1011 3420 rethe

859 3467 893 3530 in
915 3465 1049 3550 laqueos

859 3574 891 3638 in
914 3573 1047 3637 hamum

860 3796 897 3861 In
920 3791 1063 3858 schalam

857 3907 895 3971 In
918 3902 1072 3970 fiscellam

860 4015 999 4081 Puteum
1024 4012 1147 4079 fodiens

859 4124 926 4189 luto
950 4121 1102 4187 edificans

855 4232 957 4319 Ligno
981 4228 1134 4296 edificans
