<?xml version="1.0" encoding="UTF-8"?>
<!DOCTYPE html PUBLIC "-//W3C//DTD XHTML 1.0 Transitional//EN"
    "http://www.w3.org/TR/xhtml1/DTD/xhtml1-transitional.dtd">
<html xmlns="http://www.w3.org/1999/xhtml" xml:lang="en" lang="en">
 <head>
  <title>
</title>
<meta http-equiv="Content-Type" content="text/html;charset=utf-8" />
  <meta name='ocr-system' content='tesseract 3.04.00' />
  <meta name='ocr-capabilities' content='ocr_page ocr_carea ocr_par ocr_line ocrx_word'/>
</head>
<body>
  <div class='ocr_page' id='page_1' title='image "./jordanibruninol06brungoog_0225.png"; bbox 0 0 3344 5124; ppageno 0'>
   <div class='ocr_carea' id='block_1_1' title="bbox 737 446 919 508">
    <p class='ocr_par' dir='ltr' id='par_1_1' title="bbox 737 446 919 508">
     <span class='ocr_line' id='line_1_1' title="bbox 737 446 919 508; baseline -0.011 0"><span class='ocrx_word' id='word_1_1' title='bbox 737 446 919 508; x_wconf 80' lang='lat'>-216-</span> 
     </span>
    </p>
   </div>
   <div class='ocr_carea' id='block_1_2' title="bbox 262 587 1417 2495">
    <p class='ocr_par' dir='ltr' id='par_1_2' title="bbox 262 587 1417 2495">
     <span class='ocr_line' id='line_1_2' title="bbox 262 587 1414 680; baseline -0.003 -21"><span class='ocrx_word' id='word_1_2' title='bbox 262 592 399 680; x_wconf 88' lang='lat' dir='ltr'><em>probat.</em></span> <span class='ocrx_word' id='word_1_3' title='bbox 430 590 544 657; x_wconf 87' lang='lat' dir='ltr'><em>Vnum</em></span> <span class='ocrx_word' id='word_1_4' title='bbox 568 592 813 660; x_wconf 84' lang='lat' dir='ltr'><em>tantummodo</em></span> <span class='ocrx_word' id='word_1_5' title='bbox 835 596 890 660; x_wconf 89' lang='lat' dir='ltr'><em>est</em></span> <span class='ocrx_word' id='word_1_6' title='bbox 913 592 1079 677; x_wconf 71' lang='lat' dir='ltr'><em>difficile,</em></span> <span class='ocrx_word' id='word_1_7' title='bbox 1111 595 1147 659; x_wconf 87' lang='lat' dir='ltr'><em>ot</em></span> <span class='ocrx_word' id='word_1_8' title='bbox 1169 590 1310 675; x_wconf 81' lang='lat' dir='ltr'><em>aliquis</em></span> <span class='ocrx_word' id='word_1_9' title='bbox 1334 587 1414 656; x_wconf 81' lang='lat' dir='ltr'><em>ltaec</em></span> 
     </span>
     <span class='ocr_line' id='line_1_3' title="bbox 265 721 1413 810; baseline -0.003 -20"><span class='ocrx_word' id='word_1_10' title='bbox 265 725 344 810; x_wconf 86' lang='lat' dir='ltr'><em>ipso</em></span> <span class='ocrx_word' id='word_1_11' title='bbox 372 740 439 808; x_wconf 93' lang='lat' dir='ltr'><em>per</em></span> <span class='ocrx_word' id='word_1_12' title='bbox 469 740 509 788; x_wconf 90' lang='lat' dir='ltr'><em>se</em></span> <span class='ocrx_word' id='word_1_13' title='bbox 537 722 658 805; x_wconf 90' lang='lat' dir='ltr'><em>ipsum</em></span> <span class='ocrx_word' id='word_1_14' title='bbox 678 721 795 806; x_wconf 80' lang='lat' dir='ltr'><em>possit</em></span> <span class='ocrx_word' id='word_1_15' title='bbox 818 722 1030 809; x_wconf 79' lang='lat' dir='ltr'><em>intellipere.</em></span> <span class='ocrx_word' id='word_1_16' title='bbox 1055 721 1085 788; x_wconf 73' lang='lat' dir='ltr'><strong><em>A</em></strong></span> <span class='ocrx_word' id='word_1_17' title='bbox 1109 721 1258 790; x_wconf 80' lang='lat' dir='ltr'><em>docente</em></span> <span class='ocrx_word' id='word_1_18' title='bbox 1278 738 1413 787; x_wconf 87' lang='lat' dir='ltr'><em>omnes</em></span> 
     </span>
     <span class='ocr_line' id='line_1_4' title="bbox 268 848 1413 937; baseline -0.006 -16"><span class='ocrx_word' id='word_1_19' title='bbox 268 851 481 937; x_wconf 75' lang='lat' dir='ltr'><em>intellipent.</em></span> <span class='ocrx_word' id='word_1_20' title='bbox 502 848 601 924; x_wconf 85' lang='lat' dir='ltr'><em>Quod</em></span> <span class='ocrx_word' id='word_1_21' title='bbox 616 849 759 936; x_wconf 78' lang='lat' dir='ltr'><em>quidem</em></span> <span class='ocrx_word' id='word_1_22' title='bbox 783 869 853 918; x_wconf 90' lang='lat' dir='ltr'><em>non</em></span> <span class='ocrx_word' id='word_1_23' title='bbox 878 852 1002 919; x_wconf 90' lang='lat' dir='ltr'><em>euenit</em></span> <span class='ocrx_word' id='word_1_24' title='bbox 1016 868 1063 916; x_wconf 81' lang='lat' dir='ltr'><em>ec</em></span> <span class='ocrx_word' id='word_1_25' title='bbox 1084 867 1135 932; x_wconf 87' lang='lat' dir='ltr'><em>eo,</em></span> <span class='ocrx_word' id='word_1_26' title='bbox 1152 851 1238 935; x_wconf 82' lang='lat' dir='ltr'><em>quia</em></span> <span class='ocrx_word' id='word_1_27' title='bbox 1254 867 1326 915; x_wconf 92' lang='lat' dir='ltr'><em>nos</em></span> <span class='ocrx_word' id='word_1_28' title='bbox 1341 848 1413 934; x_wconf 78' lang='lat' dir='ltr'><em>‹lif-</em></span> 
     </span>
     <span class='ocr_line' id='line_1_5' title="bbox 266 976 1414 1066; baseline -0.006 -18"><span class='ocrx_word' id='word_1_29' title='bbox 266 981 426 1066; x_wconf 73' lang='lat' dir='ltr'><em>ficultcti</em></span> <span class='ocrx_word' id='word_1_30' title='bbox 446 980 664 1053; x_wconf 71' lang='lat' dir='ltr'><em>studeamus:</em></span> <span class='ocrx_word' id='word_1_31' title='bbox 688 981 751 1048; x_wconf 82' lang='lat' dir='ltr'><em>sect</em></span> <span class='ocrx_word' id='word_1_32' title='bbox 774 1000 797 1048; x_wconf 92' lang='lat' dir='ltr'><em>a</em></span> <span class='ocrx_word' id='word_1_33' title='bbox 820 980 983 1048; x_wconf 83' lang='lat' dir='ltr'><em>nouitate</em></span> <span class='ocrx_word' id='word_1_34' title='bbox 1005 980 1062 1046; x_wconf 88' lang='lat' dir='ltr'><em>rei</em></span> <span class='ocrx_word' id='word_1_35' title='bbox 1074 976 1106 1045; x_wconf 82' lang='lat'>&amp;</span> <span class='ocrx_word' id='word_1_36' title='bbox 1121 976 1326 1045; x_wconf 80' lang='lat' dir='ltr'><em>celebritate</em></span> <span class='ocrx_word' id='word_1_37' title='bbox 1343 981 1414 1044; x_wconf 81' lang='lat' dir='ltr'><em>ter·</em></span> 
     </span>
     <span class='ocr_line' id='line_1_6' title="bbox 267 1109 1414 1177; baseline -0.003 0"><span class='ocrx_word' id='word_1_38' title='bbox 267 1113 459 1176; x_wconf 90' lang='lat' dir='ltr'><em>minorum.</em></span> <span class='ocrx_word' id='word_1_39' title='bbox 485 1109 663 1176; x_wconf 77' lang='lat' dir='ltr'><em>Hortatur</em></span> <span class='ocrx_word' id='word_1_40' title='bbox 685 1112 808 1176; x_wconf 92' lang='lat' dir='ltr'><em>autem</em></span> <span class='ocrx_word' id='word_1_41' title='bbox 836 1109 939 1177; x_wconf 87' lang='lat' dir='ltr'><em>Plato</em></span> <span class='ocrx_word' id='word_1_42' title='bbox 968 1109 1006 1175; x_wconf 88' lang='lat' dir='ltr'><em>in</em></span> <span class='ocrx_word' id='word_1_43' title='bbox 1035 1109 1252 1175; x_wconf 77' lang='lat' dir='ltr'><em>Eullaidemo</em></span> <span class='ocrx_word' id='word_1_44' title='bbox 1278 1110 1321 1172; x_wconf 86' lang='lat' dir='ltr'><em>ot</em></span> <span class='ocrx_word' id='word_1_45' title='bbox 1349 1125 1414 1173; x_wconf 91' lang='lat' dir='ltr'><em>res</em></span> 
     </span>
     <span class='ocr_line' id='line_1_7' title="bbox 265 1236 1414 1323; baseline -0.003 -16"><span class='ocrx_word' id='word_1_46' title='bbox 265 1240 516 1308; x_wconf 76' lang='lat' dir='ltr'><em>celeberrimae</em></span> <span class='ocrx_word' id='word_1_47' title='bbox 551 1243 659 1323; x_wconf 82' lang='lat' dir='ltr'><em>atque</em></span> <span class='ocrx_word' id='word_1_48' title='bbox 689 1238 874 1306; x_wconf 78' lang='lat' dir='ltr'><em>archanas</em></span> <span class='ocrx_word' id='word_1_49' title='bbox 904 1238 1111 1306; x_wconf 75' lang='lat' dir='ltr'><em>habeantur</em></span> <span class='ocrx_word' id='word_1_50' title='bbox 1132 1238 1155 1303; x_wconf 87' lang='lat' dir='ltr'><em>o&#39;</em></span> <span class='ocrx_word' id='word_1_51' title='bbox 1175 1236 1414 1323; x_wconf 71' lang='lat' dir='ltr'><em>pbilosophis</em></span> 
     </span>
     <span class='ocr_line' id='line_1_8' title="bbox 266 1365 1413 1453; baseline 0.001 -19"><span class='ocrx_word' id='word_1_52' title='bbox 266 1367 367 1453; x_wconf 78' lang='lat' dir='ltr'><em>cpucl</em></span> <span class='ocrx_word' id='word_1_53' title='bbox 394 1387 431 1435; x_wconf 88' lang='lat' dir='ltr'><em>se</em></span> <span class='ocrx_word' id='word_1_54' title='bbox 453 1366 486 1434; x_wconf 65' lang='grc' dir='ltr'><strong>ἃ</strong></span> <span class='ocrx_word' id='word_1_55' title='bbox 505 1365 655 1451; x_wconf 78' lang='lat' dir='ltr'><em>paucis,</em></span> <span class='ocrx_word' id='word_1_56' title='bbox 680 1371 785 1451; x_wconf 82' lang='lat' dir='ltr'><em>atque</em></span> <span class='ocrx_word' id='word_1_57' title='bbox 809 1366 930 1451; x_wconf 81' lang='lat' dir='ltr'><em>clipnis</em></span> <span class='ocrx_word' id='word_1_58' title='bbox 952 1367 1271 1433; x_wconf 85' lang='lat' dir='ltr'><em>communicentur.</em></span> <span class='ocrx_word' id='word_1_59' title='bbox 1298 1365 1413 1450; x_wconf 82' lang='lat' dir='ltr'><em>Aqua</em></span> 
     </span>
     <span class='ocr_line' id='line_1_9' title="bbox 265 1494 1414 1580; baseline 0 -17"><span class='ocrx_word' id='word_1_60' title='bbox 265 1499 363 1564; x_wconf 88' lang='lat' dir='ltr'><em>euim</em></span> <span class='ocrx_word' id='word_1_61' title='bbox 387 1497 509 1580; x_wconf 84' lang='lat' dir='ltr'><em>inquit</em></span> <span class='ocrx_word' id='word_1_62' title='bbox 530 1497 590 1561; x_wconf 90' lang='lat' dir='ltr'><em>ille</em></span> <span class='ocrx_word' id='word_1_63' title='bbox 613 1494 788 1562; x_wconf 85' lang='lat' dir='ltr'><em>vilissimo</em></span> <span class='ocrx_word' id='word_1_64' title='bbox 801 1497 920 1580; x_wconf 87' lang='lat' dir='ltr'><em>pretio</em></span> <span class='ocrx_word' id='word_1_65' title='bbox 935 1497 1079 1574; x_wconf 86' lang='lat' dir='ltr'><em>emitur,</em></span> <span class='ocrx_word' id='word_1_66' title='bbox 1095 1497 1176 1564; x_wconf 79' lang='lat' dir='ltr'><em>clem</em></span> <span class='ocrx_word' id='word_1_67' title='bbox 1195 1500 1319 1564; x_wconf 90' lang='lat' dir='ltr'><em>tamen</em></span> <span class='ocrx_word' id='word_1_68' title='bbox 1336 1515 1414 1564; x_wconf 89' lang='lat' dir='ltr'><em>om·</em></span> 
     </span>
     <span class='ocr_line' id='line_1_10' title="bbox 267 1625 1414 1710; baseline 0 -15"><span class='ocrx_word' id='word_1_69' title='bbox 267 1629 369 1696; x_wconf 89' lang='lat' dir='ltr'><em>nium</em></span> <span class='ocrx_word' id='word_1_70' title='bbox 393 1645 518 1694; x_wconf 89' lang='lat' dir='ltr'><em>rerum</em></span> <span class='ocrx_word' id='word_1_71' title='bbox 540 1628 588 1692; x_wconf 88' lang='lat' dir='ltr'><em>sit</em></span> <span class='ocrx_word' id='word_1_72' title='bbox 603 1625 879 1710; x_wconf 87' lang='lat' dir='ltr'><em>pretiosissima.</em></span> <span class='ocrx_word' id='word_1_73' title='bbox 904 1627 1002 1694; x_wconf 83' lang='lat' dir='ltr'><em>idem</em></span> <span class='ocrx_word' id='word_1_74' title='bbox 1026 1647 1092 1695; x_wconf 92' lang='lat' dir='ltr'><em>nos</em></span> <span class='ocrx_word' id='word_1_75' title='bbox 1114 1627 1243 1695; x_wconf 86' lang='lat' dir='ltr'><em>amicis</em></span> <span class='ocrx_word' id='word_1_76' title='bbox 1265 1628 1414 1695; x_wconf 86' lang='lat' dir='ltr'><em>nostris</em></span> 
     </span>
     <span class='ocr_line' id='line_1_11' title="bbox 265 1760 1415 1849; baseline 0 -19"><span class='ocrx_word' id='word_1_77' title='bbox 265 1761 434 1849; x_wconf 75' lang='lat' dir='ltr'><em>facimus,</em></span> <span class='ocrx_word' id='word_1_78' title='bbox 458 1765 565 1845; x_wconf 81' lang='lat' dir='ltr'><em>atque</em></span> <span class='ocrx_word' id='word_1_79' title='bbox 587 1760 777 1828; x_wconf 87' lang='lat' dir='ltr'><em>intensius:</em></span> <span class='ocrx_word' id='word_1_80' title='bbox 801 1761 936 1828; x_wconf 89' lang='lat' dir='ltr'><em>maiori</em></span> <span class='ocrx_word' id='word_1_81' title='bbox 955 1761 1085 1829; x_wconf 84' lang='lat' dir='ltr'><em>etenim</em></span> <span class='ocrx_word' id='word_1_82' title='bbox 1109 1763 1292 1829; x_wconf 84' lang='lat' dir='ltr'><em>occasione</em></span> <span class='ocrx_word' id='word_1_83' title='bbox 1308 1763 1415 1831; x_wconf 83' lang='lat' dir='ltr'><em>duci·</em></span> 
     </span>
     <span class='ocr_line' id='line_1_12' title="bbox 267 1885 1417 1975; baseline 0.002 -18"><span class='ocrx_word' id='word_1_84' title='bbox 267 1909 350 1957; x_wconf 89' lang='lat' dir='ltr'><em>mur</em></span> <span class='ocrx_word' id='word_1_85' title='bbox 371 1886 479 1975; x_wconf 75' lang='lat' dir='ltr'><em>quim</em></span> <span class='ocrx_word' id='word_1_86' title='bbox 502 1885 609 1955; x_wconf 89' lang='lat' dir='ltr'><em>Plato</em></span> <span class='ocrx_word' id='word_1_87' title='bbox 633 1887 672 1953; x_wconf 90' lang='lat' dir='ltr'><em>iu</em></span> <span class='ocrx_word' id='word_1_88' title='bbox 688 1907 728 1956; x_wconf 94' lang='lat' dir='ltr'><em>eo</em></span> <span class='ocrx_word' id='word_1_89' title='bbox 744 1890 935 1975; x_wconf 88' lang='lat' dir='ltr'><em>proposito</em></span> <span class='ocrx_word' id='word_1_90' title='bbox 958 1890 1159 1959; x_wconf 84' lang='lat' dir='ltr'><em>duceretur.</em></span> <span class='ocrx_word' id='word_1_91' title='bbox 1176 1891 1275 1958; x_wconf 79' lang='lat' dir='ltr'><em>lolem</em></span> <span class='ocrx_word' id='word_1_92' title='bbox 1293 1895 1417 1959; x_wconf 90' lang='lat' dir='ltr'><em>omni·</em></span> 
     </span>
     <span class='ocr_line' id='line_1_13' title="bbox 268 2017 1413 2099; baseline 0.001 -13"><span class='ocrx_word' id='word_1_93' title='bbox 268 2018 333 2086; x_wconf 89' lang='lat' dir='ltr'><em>bus</em></span> <span class='ocrx_word' id='word_1_94' title='bbox 348 2018 405 2093; x_wconf 86' lang='lat' dir='ltr'><em>iis,</em></span> <span class='ocrx_word' id='word_1_95' title='bbox 428 2017 466 2083; x_wconf 90' lang='lat' dir='ltr'><em>in</em></span> <span class='ocrx_word' id='word_1_96' title='bbox 491 2033 647 2099; x_wconf 82' lang='lat' dir='ltr'><em>quorum</em></span> <span class='ocrx_word' id='word_1_97' title='bbox 671 2034 802 2085; x_wconf 81' lang='lat' dir='ltr'><em>nmnus</em></span> <span class='ocrx_word' id='word_1_98' title='bbox 828 2018 899 2086; x_wconf 89' lang='lat' dir='ltr'><em>isto</em></span> <span class='ocrx_word' id='word_1_99' title='bbox 924 2018 1147 2096; x_wconf 72' lang='lat' dir='ltr'><em>inuenerint,</em></span> <span class='ocrx_word' id='word_1_100' title='bbox 1171 2019 1413 2087; x_wconf 85' lang='lat' dir='ltr'><em>consulimus:</em></span> 
     </span>
     <span class='ocr_line' id='line_1_14' title="bbox 268 2142 1413 2232; baseline 0.003 -20"><span class='ocrx_word' id='word_1_101' title='bbox 268 2163 314 2213; x_wconf 89' lang='lat' dir='ltr'><em>ne</em></span> <span class='ocrx_word' id='word_1_102' title='bbox 335 2142 532 2213; x_wconf 86' lang='lat' dir='ltr'><em>abutuntur</em></span> <span class='ocrx_word' id='word_1_103' title='bbox 551 2146 674 2229; x_wconf 76' lang='lat' dir='ltr'><em>pratia</em></span> <span class='ocrx_word' id='word_1_104' title='bbox 698 2143 730 2212; x_wconf 82' lang='lat'>&amp;</span> <span class='ocrx_word' id='word_1_105' title='bbox 752 2145 845 2213; x_wconf 84' lang='lat' dir='ltr'><em>otono</em></span> <span class='ocrx_word' id='word_1_106' title='bbox 868 2147 1000 2215; x_wconf 83' lang='lat' dir='ltr'><em>eisdem</em></span> <span class='ocrx_word' id='word_1_107' title='bbox 1023 2147 1189 2232; x_wconf 84' lang='lat' dir='ltr'><em>elarpilo.</em></span> <span class='ocrx_word' id='word_1_108' title='bbox 1212 2146 1259 2213; x_wconf 81' lang='lat' dir='ltr'><em>Et</em></span> <span class='ocrx_word' id='word_1_109' title='bbox 1280 2149 1413 2215; x_wconf 90' lang='lat' dir='ltr'><em>consi-</em></span> 
     </span>
     <span class='ocr_line' id='line_1_15' title="bbox 267 2274 1413 2363; baseline 0 -19"><span class='ocrx_word' id='word_1_110' title='bbox 267 2277 392 2344; x_wconf 86' lang='lat' dir='ltr'><em>derent</em></span> <span class='ocrx_word' id='word_1_111' title='bbox 413 2274 509 2360; x_wconf 76' lang='lat' dir='ltr'><em>qnod</em></span> <span class='ocrx_word' id='word_1_112' title='bbox 530 2275 734 2359; x_wconf 68' lang='lat' dir='ltr'><em>fipuratum</em></span> <span class='ocrx_word' id='word_1_113' title='bbox 758 2275 874 2343; x_wconf 90' lang='lat' dir='ltr'><em>estin</em></span> <span class='ocrx_word' id='word_1_114' title='bbox 898 2278 1107 2346; x_wconf 76' lang='lat' dir='ltr'><em>Pnometlieo</em></span> <span class='ocrx_word' id='word_1_115' title='bbox 1132 2279 1197 2363; x_wconf 78' lang='lat' dir='ltr'><em>qui</em></span> <span class='ocrx_word' id='word_1_116' title='bbox 1218 2275 1302 2344; x_wconf 76' lang='lat' dir='ltr'><em>clm</em></span> <span class='ocrx_word' id='word_1_117' title='bbox 1324 2277 1413 2344; x_wconf 81' lang='lat' dir='ltr'><em>deo-</em></span> 
     </span>
     <span class='ocr_line' id='line_1_16' title="bbox 268 2405 1413 2495; baseline -0.004 -18"><span class='ocrx_word' id='word_1_118' title='bbox 268 2428 352 2477; x_wconf 86' lang='lat' dir='ltr'><em>rum</em></span> <span class='ocrx_word' id='word_1_119' title='bbox 374 2409 494 2494; x_wconf 72' lang='lat' dir='ltr'><em>ionem</em></span> <span class='ocrx_word' id='word_1_120' title='bbox 517 2406 726 2476; x_wconf 84' lang='lat' dir='ltr'><em>bominibus</em></span> <span class='ocrx_word' id='word_1_121' title='bbox 749 2409 980 2489; x_wconf 72' lang='lat' dir='ltr'><em>collibuisset,</em></span> <span class='ocrx_word' id='word_1_122' title='bbox 997 2410 1158 2495; x_wconf 88' lang='lat' dir='ltr'><em>ipsorum</em></span> <span class='ocrx_word' id='word_1_123' title='bbox 1174 2407 1336 2474; x_wconf 88' lang='lat' dir='ltr'><em>incurrit</em></span> <span class='ocrx_word' id='word_1_124' title='bbox 1354 2405 1413 2472; x_wconf 89' lang='lat' dir='ltr'><em>in·</em></span> 
     </span>
    </p>
   </div>
   <div class='ocr_carea' id='block_1_3' title="bbox 268 2525 1413 2624">
    <p class='ocr_par' dir='ltr' id='par_1_3' title="bbox 268 2525 1413 2624">
     <span class='ocr_line' id='line_1_17' title="bbox 268 2525 1413 2624; baseline -0.007 -18"><span class='ocrx_word' id='word_1_125' title='bbox 268 2538 524 2624; x_wconf 77' lang='lat' dir='ltr'><em>dipnatiouem.</em></span> <span class='ocrx_word' id='word_1_126' title='bbox 565 2535 698 2604; x_wconf 83' lang='lat' dir='ltr'><em>Coetera</em></span> <span class='ocrx_word' id='word_1_127' title='bbox 729 2555 809 2622; x_wconf 78' lang='lat' dir='ltr'><em>quoe</em></span> <span class='ocrx_word' id='word_1_128' title='bbox 842 2537 879 2604; x_wconf 87' lang='lat' dir='ltr'><em>in</em></span> <span class='ocrx_word' id='word_1_129' title='bbox 909 2537 1096 2623; x_wconf 84' lang='lat' dir='ltr'><em>prooemiis</em></span> <span class='ocrx_word' id='word_1_130' title='bbox 1126 2525 1413 2619; x_wconf 79' lang='lat' dir='ltr'><em>&amp;ampullatis</em></span> 
     </span>
    </p>
   </div>
   <div class='ocr_carea' id='block_1_4' title="bbox 267 2666 1411 2877">
    <p class='ocr_par' dir='ltr' id='par_1_4' title="bbox 267 2666 1411 2877">
     <span class='ocr_line' id='line_1_18' title="bbox 267 2666 1408 2756; baseline -0.007 -17"><span class='ocrx_word' id='word_1_131' title='bbox 267 2671 427 2739; x_wconf 80' lang='lat' dir='ltr'><em>coordiis</em></span> <span class='ocrx_word' id='word_1_132' title='bbox 449 2671 564 2737; x_wconf 87' lang='lat' dir='ltr'><em>solent</em></span> <span class='ocrx_word' id='word_1_133' title='bbox 582 2669 757 2756; x_wconf 87' lang='lat' dir='ltr'><em>proponi,</em></span> <span class='ocrx_word' id='word_1_134' title='bbox 775 2669 1101 2755; x_wconf 70' lang='lat' dir='ltr'><em>pretermittimus.</em></span> <span class='ocrx_word' id='word_1_135' title='bbox 1137 2666 1274 2752; x_wconf 80' lang='lat' dir='ltr'><em>Sufficit</em></span> <span class='ocrx_word' id='word_1_136' title='bbox 1305 2668 1408 2732; x_wconf 86' lang='lat' dir='ltr'><em>enim</em></span> 
     </span>
     <span class='ocr_line' id='line_1_19' title="bbox 268 2788 1411 2877; baseline -0.003 -20"><span class='ocrx_word' id='word_1_137' title='bbox 268 2794 470 2860; x_wconf 82' lang='lat' dir='ltr'><em>necessaria</em></span> <span class='ocrx_word' id='word_1_138' title='bbox 493 2788 669 2855; x_wconf 83' lang='lat' dir='ltr'><em>adducere</em></span> <span class='ocrx_word' id='word_1_139' title='bbox 691 2789 723 2858; x_wconf 65' lang='grc' dir='ltr'><strong>ἃ</strong></span> <span class='ocrx_word' id='word_1_140' title='bbox 746 2809 788 2858; x_wconf 90' lang='lat' dir='ltr'><em>ec</em></span> <span class='ocrx_word' id='word_1_141' title='bbox 804 2811 885 2877; x_wconf 82' lang='lat' dir='ltr'><em>qnoe</em></span> <span class='ocrx_word' id='word_1_142' title='bbox 901 2793 949 2860; x_wconf 84' lang='lat' dir='ltr'><em>ad</em></span> <span class='ocrx_word' id='word_1_143' title='bbox 965 2793 1161 2877; x_wconf 70' lang='lat' dir='ltr'><em>proesentis</em></span> <span class='ocrx_word' id='word_1_144' title='bbox 1188 2788 1411 2857; x_wconf 87' lang='lat' dir='ltr'><em>intentionis</em></span> 
     </span>
    </p>
   </div>
   <div class='ocr_carea' id='block_1_5' title="bbox 268 2921 739 3007">
    <p class='ocr_par' dir='ltr' id='par_1_5' title="bbox 268 2921 739 3007">
     <span class='ocr_line' id='line_1_20' title="bbox 268 2921 739 3007; baseline -0.004 -19"><span class='ocrx_word' id='word_1_145' title='bbox 268 2922 560 3007; x_wconf 89' lang='lat' dir='ltr'><em>complementum</em></span> <span class='ocrx_word' id='word_1_146' title='bbox 582 2921 739 3006; x_wconf 75' lang='lat' dir='ltr'><em>faciunt.</em></span> 
     </span>
    </p>
   </div>
   <div class='ocr_carea' id='block_1_6' title="bbox 0 0 1682 5124">
    <p class='ocr_par' dir='ltr' id='par_1_6' title="bbox 0 0 1682 5124">
     <span class='ocr_line' id='line_1_21' title="bbox 0 0 1682 5124; baseline 0 0"><span class='ocrx_word' id='word_1_147' title='bbox 0 0 1682 5124; x_wconf 95' lang='lat' dir='ltr'><em> </em></span> 
     </span>
    </p>
   </div>
  </div>
 </body>
</html>
