3344 5124
694 369 733 394 -
756 338 875 427 1133.-

217 498 348 572 tentur
375 497 520 600 magis,
549 497 747 602 magisque
775 496 813 573 in
842 494 1000 574 allectus
1028 495 1278 574 concitentur.
1309 488 1349 572 ln

216 620 487 721 superioribus.
507 648 545 701 n.
565 624 697 700 Ianuae
715 623 908 699 memoriae
927 623 1149 699 dicebantur
1168 620 1347 716 affectus3

216 744 359 848 hosque
388 751 644 850 potentiores,
673 750 936 852 patentiores:
966 752 989 853 ij
1022 775 1112 828 vero
1140 774 1210 827 nec
1237 742 1358 826 iidem

215 885 317 971 sunt,
336 901 457 980 neque
477 879 524 957 ab
543 879 676 956 iisdem
696 886 876 957 emanant
895 878 1088 982 principiis
1102 879 1140 954 in
1160 877 1347 955 omnibus.

594 1131 646 1197 De
670 1139 765 1198 ructu
789 1137 964 1201 rotarum.

769 1370 798 1449 Ι.

265 1627 449 1730 Apprime
468 1627 585 1731 igitur
604 1629 843 1731 praesignatis
862 1630 955 1707 rotis
975 1636 1102 1708 mente
1120 1629 1206 1708 lixis
1221 1628 1343 1733 quoad

214 1756 302 1859 quid
321 1756 458 1859 cuique
477 1755 679 1832 conueniat
698 1756 944 1835 immobiliter
962 1756 1149 1835 habeatur
1167 1758 1204 1833 in
1220 1779 1346 1859 prom·

213 1889 302 1985 ptn:
321 1891 471 1986 tempus
491 1892 548 1960 est
566 1888 609 1959 rt
627 1885 673 1960 ad
702 1883 884 1961 maiorem
912 1885 1060 1988 praxim
1090 1884 1191 1962 hunc
1210 1883 1248 1960 in
1267 1908 1345 1960 mo·

211 2010 300 2088 dum
320 2010 543 2113 expediariS,
563 2018 604 2086 vt
617 2009 739 2113 primo
755 2011 915 2112 primam
930 2012 1240 2115 compositionem
1259 2034 1344 2115 quae

214 2138 358 2215 dnobus
378 2142 528 2214 constat
547 2136 744 2214 elementis
773 2139 1072 2241 quibuscumque
1090 2138 1253 2216 veneris.
1271 2137 1343 2214 Vi·
1387 2147 1389 2150 ’

210 2265 275 2343 des
295 2265 454 2368 primam
483 2265 647 2366 figuram
677 2267 824 2345 duabus
853 2276 1092 2346 constantem
1120 2268 1215 2345 rotis
1243 2265 1342 2344 fixis.

210 2394 290 2472 lam
319 2394 501 2472 exteriori
530 2395 568 2472 in
597 2420 665 2472 sna
693 2395 832 2473 fixione
862 2402 1149 2497 perseuerante3
1170 2395 1341 2473 soluatur

208 2521 380 2600 interior.
411 2519 530 2600 Cuius
558 2521 649 2599 olim
676 2522 767 2619 fixio
785 2522 833 2600 ad
852 2522 1025 2600 habitum
1045 2523 1125 2601 eius
1145 2522 1208 2627 qui
1228 2521 1339 2624 debet

128 2666 133 2678 '
209 2679 290 2732 esse
309 2653 412 2731 fixus
436 2653 654 2756 spectabat:
674 2678 775 2731 nunc
793 2677 861 2757 pro
880 2658 971 2731 actu
989 2654 1051 2756 qui
1072 2653 1218 2731 ratione
1237 2648 1339 2728 mul-

208 2788 335 2861 torum
363 2782 634 2887 operabiiium‚
663 2788 777 2886 atque
804 2783 1091 2861 innumerorum
1118 2781 1229 2879 debet
1256 2802 1347 2881 esse·

210 2911 537 2990 innumerabiliter
564 2910 782 3016 multiplex:
812 2911 975 3013 undique
1002 2909 1237 2990 reuoluenda
1269 2931 1337 2988 oc-

208 3039 338 3117 currit.
891 3051 894 3055 ’

295 3305 346 3372 De
370 3310 472 3373 motu
494 3312 582 3373 rote
599 3306 787 3373 interioris
797 3311 927 3392 primae
939 3313 1070 3394 ltparoe
1083 3327 1150 3394 pro
1166 3325 1254 3374 com·

383 3436 562 3521 positione
585 3436 740 3522 quelibet
761 3455 808 3504 ecc
830 3436 966 3505 duobus
980 3437 1162 3504 elementis

638 3572 899 3665 presentando.

749 3800 799 3878 II.

258 4064 441 4169 Operatio
468 4064 620 4167 inquam
649 4071 795 4169 quaerat
823 4065 935 4144 unius
964 4064 1138 4167 propria:
1163 4049 1341 4141 iam'red·

204 4192 317 4270 datur
336 4194 508 4271 omnibus
528 4193 566 4272 in
586 4194 771 4273 circulum
791 4190 1128 4272 communicabilis.
1157 4188 1339 4267 Proinde·

205 4346 278 4426 que
297 4321 568 4424 cuiuscumque
587 4347 656 4424 pro
675 4323 867 4427 exigentia
886 4318 1167 4401 constituendae
1195 4341 1343 4422 compo·

1236 4443 1270 4501 15
