3344 5124
675 405 856 472 -175-

254 551 485 656 praecipiant
500 577 591 657 ergo
610 550 695 630 aliae
713 556 814 631 arte·
829 551 962 655 vagari
978 552 1169 651 animalia,
1186 579 1330 660 organa

200 685 327 759 autem
342 705 506 760 manere:
521 680 596 759 ista
610 679 701 759 sane
714 679 784 757 sibi
799 678 920 782 magis
935 680 1149 784 oppositum
1164 679 1331 759 inhiben-

200 811 247 888 do
267 809 488 915 complacet.

253 940 376 1018 Porro
403 938 435 1016 si
462 937 612 1017 notiora
631 936 699 1015 tibi
718 941 810 1015 nota
829 934 943 1015 fuerit
962 935 1142 1030 animata,
1163 937 1277 1040 quarn
1305 937 1333 1015 i·

199 1067 393 1145 nanimata
422 1064 589 1144 subiecta
617 1064 931 1166 quemadmodum
959 1069 1017 1143 est
1034 1064 1080 1143 de
1099 1065 1329 1145 necessitate

199 1216 344 1271 verum:
364 1192 453 1295 quid
471 1214 598 1293 quaeso
617 1189 790 1293 prohibet
809 1189 918 1294 plura
931 1187 1149 1294 (dummodo
1168 1192 1251 1271 loco
1270 1217 1326 1271 ae·

200 1322 330 1400 iuncta
344 1318 435 1425 sint)
454 1319 575 1398 eidem
588 1319 755 1397 animato
774 1319 815 1398 in
834 1319 962 1397 anima
980 1319 1157 1417 tribuere,
1177 1321 1238 1400 vel
1258 1321 1326 1400 eis·

199 1451 284 1528 dem
302 1448 434 1527 eodem
452 1446 583 1526 ordine
602 1445 733 1550 positis
752 1445 865 1526 aliam
884 1447 1051 1527 tribuere
1070 1448 1290 1554 regionem?

250 1575 314 1656 Sic
329 1576 398 1654 tibi
413 1576 563 1655 diuersa
578 1575 788 1679 penetranti
800 1575 964 1669 climata,
977 1577 1108 1655 eadem
1120 1577 1328 1656 venuenire
1428 1680 1432 1685 Ι

197 1701 426 1783 adieetibilia
453 1727 566 1805 quam
594 1702 790 1781 commode
817 1707 977 1805 possunt
1004 1727 1072 1808 pro
1091 1727 1220 1782 rerum
1241 1727 1324 1783 me·

199 1831 318 1911 moria
337 1830 459 1935 magis
479 1855 592 1934 quam
611 1854 749 1910 vocum
768 1831 948 1935 ipsarum.
1390 1813 1393 1820 ¹

488 2085 640 2166 ALIVS
668 2085 822 2167 ARTIS
851 2085 1038 2166 MODVS.

250 2338 290 2418 Si
310 2341 458 2443 placeat
475 2340 652 2419 animatis
669 2341 850 2421 subiectis
868 2339 1089 2446 frequentes
1116 2343 1330 2446 perpetuas·

197 2492 270 2570 que
296 2467 461 2547 tribuere
489 2468 658 2547 actiones
685 2470 819 2572 quibos
838 2495 908 2574 pro
926 2494 1054 2549 rernm
1076 2469 1327 2574 explicanda-

197 2619 282 2672 rum
296 2594 578 2699 opportunitate
593 2595 658 2674 tibi
674 2602 828 2676 centum
842 2622 997 2703 organa,
1013 2597 1074 2676 vel
1089 2619 1221 2676 eorum
1236 2621 1324 2674 con·

195 2723 412 2825 sequentia,
432 2725 492 2803 vel
512 2726 823 2824 concomitantia,
844 2726 904 2806 vel
924 2726 1138 2820 mouentia,
1158 2723 1216 2803 vel
1242 2730 1327 2803 tur-

195 2851 336 2947 bantia,
355 2852 418 2931 vel
435 2853 657 2948 auertentia‚
676 2853 738 2932 vel
753 2853 1072 2960 superuenientia‚
1089 2853 1211 2956 fingas
1225 2877 1327 2929 acce·

196 2977 296 3056 dere:
317 2977 478 3060 fortasse
497 2981 562 3059 tibi
582 2980 743 3062 feliciter
769 2985 984 3064 succedent.
