3344 5124
761 416 924 480 ..87-

290 563 374 643 illas
391 568 604 660 conuertit3
625 568 694 645 has
708 572 901 660 attrectat,
916 567 1000 644 illas
1021 567 1151 661 allicit,
1171 570 1244 672 qud
1264 593 1334 646 suo
1348 568 1421 644 siu·

291 692 401 795 gulas
419 692 581 772 deducat
599 694 751 772 ordine:
773 695 826 771 ita
844 696 1023 797 cogitatio
1048 696 1325 798 promptissime
1338 695 1423 772 aliis

290 823 460 901 abactis:
488 822 780 901 determinatum
808 824 935 927 seligit
963 824 1065 900 aliud
1095 830 1180 926 post
1210 825 1311 902 aliud
1342 826 1423 927 ipsa

290 951 462 1056 scrutinij
483 953 638 1031 virtute.
658 953 734 1030 Hic
761 958 820 1029 est
839 951 943 1029 locus
974 953 1233 1030 considerandi
1253 955 1277 1029 ai
1295 951 1424 1030 simili·

289 1062 436 1175 tudine,
454 1087 641 1183 quatenus
661 1081 777 1158 veluti
798 1081 997 1184 gregarius
1017 1106 1063 1159 ex
1079 1082 1261 1159 memoria
1281 1082 1422 1159 ordinis

289 1231 545 1304 numerorum,
574 1210 743 1286 ordinem
772 1210 907 1312 recipit
935 1212 1076 1302 ouium,
1096 1236 1206 1314 quem
1232 1236 1299 1314 per
1319 1213 1419 1314 ipsas

289 1337 428 1415 habere
445 1362 521 1416 non
541 1340 735 1441 potuisset:
756 1338 820 1415 Sic
839 1364 906 1415 nos
926 1339 1036 1416 facile
1055 1364 1175 1442 genus
1190 1340 1283 1415 aruis
1301 1339 1417 1417 inue-

287 1465 412 1543 nimus
430 1490 505 1569 quo
524 1467 664 1561 audita,
687 1464 745 1543 vel
775 1466 857 1541 visa
886 1467 1051 1543 numeris
1079 1493 1148 1543 suo
1173 1467 1302 1569 generi
1322 1493 1416 1545 con-

287 1595 509 1697 gruentibus
529 1594 745 1684 formantes,
776 1595 857 1695 ipso
877 1618 1121 1671 numerorum
1146 1594 1289 1675 ordine.
1309 1597 1413 1673 ordi-

286 1747 375 1799 nem
403 1722 553 1800 sentitae
581 1724 635 1799 rei
662 1722 795 1800 deinde
820 1724 1086 1825 concipiamus,
1116 1725 1155 1799 in
1185 1730 1345 1805 tantum.
1375 1736 1417 1801 vt

286 1851 447 1929 scientes
474 1876 674 1928 numerare
703 1875 885 1954 perquam
914 1851 1022 1928 facile
1050 1852 1251 1928 doceamus
1278 1876 1415 1931 memo-

285 1981 375 2056 rari.
394 1980 451 2056 De
468 1979 691 2058 formatione
719 2003 963 2055 numerorum
992 2004 1058 2080 per
1077 1981 1203 2055 omnia
1222 1986 1329 2056 extat
1348 2006 1412 2057 uo·

284 2112 407 2185 strum
435 2106 574 2210 aliquid
604 2106 703 2209 apud
734 2130 885 2206 paucos.
916 2105 966 2181 Et
993 2106 1073 2181 eius
1101 2105 1249 2183 theoria
1279 2116 1336 2183 est
1375 2110 1413 2184 iu

285 2235 390 2313 libris
410 2235 538 2314 Clauis
562 2259 710 2335 magnae
731 2235 793 2310 vbi
821 2235 867 2310 de
884 2234 1050 2310 numeris
1079 2235 1413 2313 semimatliemati·

283 2365 350 2442 cis.
370 2364 576 2467 ingeniosis
595 2364 707 2440 credo
730 2363 903 2439 sufficere
923 2368 1155 2439 monstrasse
1174 2387 1244 2439 nos
1272 2364 1310 2439 in
1340 2365 1413 2441 ista

281 2496 389 2594 parte
408 2491 558 2570 locum:
580 2492 642 2567 vbi
669 2491 699 2567 si
721 2514 797 2567 non
825 2490 923 2590 quod
952 2490 1046 2566 satis
1075 2494 1132 2566 est
1160 2490 1412 2573 insinuamus,

281 2621 379 2698 forte
394 2645 462 2723 pro
478 2622 726 2725 congruentia
742 2621 812 2696 loci
835 2619 1062 2721 ultraquam
1078 2620 1170 2697 satis
1186 2628 1244 2699 est
1263 2648 1411 2725 expres·

282 2753 412 2830 simus.
432 2751 561 2829 Nobis
581 2777 618 2828 n.
639 2752 686 2828 ad
707 2774 845 2852 paucos
872 2748 941 2852 (vt
959 2751 1104 2849 gratias
1124 2751 1314 2853 habeant)
1334 2776 1408 2829 nou

279 2884 406 2956 autem
426 2880 473 2956 ad
494 2902 622 2955 omues
644 2878 829 2979 respicere
847 2877 1066 2953 consulitur.

815 3133 861 3206 V.

328 3385 397 3463 Est
416 3387 532 3488 igitur
560 3387 784 3465 scrutinium
812 3408 992 3462 numerus
1023 3383 1280 3482 quidamque
1307 3383 1407 3482 cogi·

274 3517 368 3593 tatio
383 3516 505 3617 tangit
524 3515 633 3591 modo
649 3538 716 3590 suo
732 3513 876 3615 species
893 3513 1152 3600 conseruatas,
1168 3533 1231 3585 eas
1251 3532 1405 3609 prosus

273 3640 451 3719 facultate
485 3641 813 3729 DistcrminandO,
842 3637 1131 3740 Disgregando,
1161 3634 1403 3736 ColligondO,

270 3769 515 3873 Applicando,
544 3771 797 3863 lmmutando,
828 3769 1055 3861 Formando,
1085 3766 1318 3851 Ordinando,
1350 3769 1400 3844 in·

269 3924 341 4001 que
360 3899 593 4001 seligendum
614 3900 796 3977 unitatem
826 3898 1053 3975 Referendo.
1075 3896 1223 3973 Dicitur
1251 3895 1399 3998 quidem

269 4050 448 4104 numeros
476 4027 562 4127 quia
591 4027 631 4102 in
659 4026 762 4103 nullo
791 4050 928 4128 genere
957 4025 1245 4102 conuenientius
1275 4026 1401 4123 potest

269 4150 458 4228 collocari.
489 4151 611 4228 Porro
640 4150 726 4226 talis
754 4174 933 4227 uumerus
963 4155 1046 4226 est:
1076 4154 1119 4225 vt
1147 4147 1200 4224 nil
1229 4148 1278 4223 sit
1302 4146 1398 4247 quod

268 4305 334 4381 per
353 4278 455 4356 aliud
474 4302 583 4379 quam
606 4303 672 4379 per
690 4279 813 4380 ipsum
837 4276 1191 4355 memorabilitatem
1210 4274 1330 4377 possit
1346 4274 1397 4349 iu·

268 4409 393 4500 duere,
416 4406 475 4484 vel
494 4407 643 4483 habere:
663 4430 739 4482 non
759 4407 932 4483 obstante
952 4406 1051 4508 quod
1071 4405 1155 4481 aliis
1175 4410 1305 4481 uotum
1322 4425 1397 4479 non
