3344 5124
742 352 863 428 ..194
885 396 925 413 ..

284 517 289 526 ’
321 503 486 594 bloams.
505 512 665 592 Minimo
684 511 848 616 quidem.

318 642 449 722 caca.
468 641 581 719 Nnno
596 640 715 742 igitur
728 639 852 717 minor
864 636 933 716 tibi
947 636 1063 717 datur
1076 633 1225 712 timoris
1239 634 1411 710 oooasio.

314 772 476 849 Monaus.
494 769 575 849 Oui·
593 767 656 845 idl

322 898 453 980 Cluen
467 897 555 975 Non
569 896 672 975 euim
685 893 866 972 dillernut
878 893 1061 995 haeoquae
1072 889 1186 969 modo
1201 887 1305 965 vides
1318 889 1414 965 bru·

268 1033 310 1106 ta
327 1023 368 1104 ἃ
384 1027 528 1104 bestias
547 1026 609 1131 (vl
621 1021 662 1104 a
676 1024 758 1128 ipsa
775 1019 893 1124 nosti)
910 1022 959 1098 ab
977 1019 1025 1097 iis
1051 1043 1146 1122 quos
1173 1016 1287 1120 paulo
1314 1024 1413 1092 ante

269 1155 422 1233 videbas
436 1155 621 1247 hominos,
637 1159 777 1257 praeler
793 1175 907 1255 quam
927 1150 1028 1255 quod
1046 1154 1198 1252 apertos
1215 1171 1318 1225 nuno
1335 1145 1410 1222 ha·

265 1282 356 1360 bont
373 1306 532 1384 unguas,
550 1281 694 1374 dentes,
712 1278 876 1374 aculoos,
895 1276 937 1358 a
954 1303 1098 1358 oornua
1114 1302 1201 1381 quae
1220 1275 1408 1353 latebant.

266 1407 349 1486 lmo
367 1405 408 1488 ἃ
426 1409 500 1486 boo
517 1415 556 1486 te
574 1433 649 1486 nou
676 1409 852 1510 ignorare
880 1406 979 1499 volo,
1007 1406 1107 1509 quod
1133 1429 1222 1482 cum
1239 1402 1305 1480 illo
1332 1429 1405 1480 oa·

267 1537 377 1612 reant
394 1559 551 1639 organo,
569 1536 669 1638 quod
687 1531 812 1613 estad
838 1535 922 1638 ipsa
948 1534 1163 1611 animorum
1190 1532 1327 1609 intima
1356 1531 1409 1608 le·

267 1666 391 1744 denda
408 1663 731 1744 efficacissimum:
749 1665 863 1766 longe
881 1664 1007 1742 minus
1025 1685 1173 1752 nocua,
1199 1663 1313 1762 atque
1331 1658 1410 1737 for·

268 1793 445 1870 midauda
462 1799 553 1870 sunt
570 1791 715 1870 affecta

320 1920 483 1999 blosius.
502 1918 601 2004 Quid
615 1918 757 2022 ipsum?

322 2045 449 2124 Omna
469 2046 629 2148 Lingua

322 2175 485 2254 Monms.
511 2173 571 2276 Dij
602 2198 664 2250 me
690 2177 819 2251 ament
836 2172 925 2275 quid
954 2169 1112 2247 facerint
1140 2166 1261 2268 magis
1287 2165 1410 2242 timeo
1442 2266 1451 2276 .

268 2325 381 2404 quam
400 2301 490 2404 quid
508 2300 683 2377 dixerint

324 2426 453 2506 Canen.
472 2428 601 2506 Minus
629 2427 713 2504 ideo
740 2425 855 2529 sapis
885 2429 937 2502 At
963 2421 1004 2502 ἃ
1032 2425 1105 2501 boo
1132 2423 1306 2500 iudicabo
1334 2421 1407 2499 libi

270 2556 369 2656 quod
389 2551 429 2632 a
448 2579 549 2631 nuno
565 2579 633 2656 pro
647 2578 692 2631 eo
708 2557 836 2655 inquo
852 2552 1015 2629 versaris
1031 2552 1241 2629 formidinis
1264 2573 1410 2652 genera

271 2685 395 2761 miuus
411 2684 547 2760 debeas
557 2709 641 2761 esse
650 2684 809 2761 solicita.
824 2682 896 2785 Ipsi
914 2684 1026 2775 euim,
1041 2707 1201 2785 quorum
1215 2681 1310 2758 alios
1325 2706 1411 2757 cor-

170 2850 173 2855 ·
272 2822 398 2904 aulos,
417 2811 510 2889 alios
529 2811 733 2905 aculeatos,
752 2812 846 2889 alios
865 2812 919 2889 ita
938 2814 1123 2911 dentatos
1142 2811 1236 2889 alios
1257 2810 1407 2888 letifero

273 2941 452 3044 vuguitos
480 2944 642 3044 aspicis:
672 2948 780 3019 erant
807 2966 941 3020 omnes
968 2950 1080 3046 atquo
1109 2941 1248 3042 singuli
1281 2964 1404 3016 oouuu

209 3145 214 3151 ,
272 3067 385 3145 simul
415 3064 455 3145 tls
483 3069 641 3161 aculeo,
670 3065 711 3146 8ι
739 3070 873 3164 dente,
899 3067 938 3148 ἅ
960 3095 1085 3173 ungue
1104 3068 1304 3146 terribiles.
1325 3068 1406 3144 lam

271 3196 424 3273 diuersa
437 3203 550 3298 atque
566 3196 772 3299 singularia
788 3199 923 3301 quibus
935 3225 975 3276 se
990 3198 1101 3291 lueri,
1117 3193 1263 3275 &alios
1279 3196 1408 3274 ledere

272 3321 419 3424 possint
437 3347 541 3399 arma
562 3323 663 3399 nacti
682 3330 791 3418 sunt,
812 3327 897 3403 oum
919 3327 1022 3428 prius
1051 3327 1234 3404 baberent
1262 3325 1408 3402 omnia.

324 3449 486 3526 Munius.
506 3449 681 3533 Quonam
701 3458 812 3553 paolo
831 3453 868 3529 id
888 3454 1196 3557 mibisuadobist

325 3575 454 3656 Oinoa.
473 3578 606 3656 Nescis
626 3604 712 3656 euim
733 3581 797 3683 qui
824 3606 941 3660 mauu
969 3589 1139 3661 armatur
1167 3582 1287 3686 magis
1314 3606 1402 3658 om-

271 3702 380 3780 nibus
396 3703 554 3780 armarit
574 3706 696 3782 nescis
711 3730 866 3784 manum
883 3708 1057 3785 omuibus
1073 3732 1202 3785 careia
1217 3708 1344 3784 armis:
1357 3713 1402 3783 vt

270 3832 445 3909 omnibus
460 3839 672 3936 praepotens
701 3860 781 3911 esse
806 3836 925 3938 possit
941 3836 1079 3913 armist
1101 3836 1253 3938 ignoras
1274 3835 1396 3935 ipsam

266 3958 336 4036 sibi
351 3956 391 4037 81
406 3961 568 4050 aculeos,
588 3987 746 4057 venena,
767 3960 806 4041 ἃ
826 3990 980 4059 cornua,
996 3962 1036 4044 a
1056 3964 1187 4043 dantes
1206 3966 1397 4067 adaptan-

265 4092 357 4182 tem,
385 4090 410 4165 a
431 4088 545 4167 nullis
564 4092 635 4168 sibi
655 4093 788 4169 timere
806 4093 1014 4172 bestiarum
1042 4093 1255 4180 insultibus,
1281 4089 1320 4170 8ae
1351 4119 1398 4169 ao

270 4221 418 4293 tantum
434 4218 688 4298 instrumento
702 4222 956 4301 animantibus
977 4223 1152 4301 omuibus
1172 4246 1255 4323 quae
1277 4221 1402 4296 videu-

272 4351 337 4422 tur
353 4344 542 4447 imperare
559 4351 825 4429 consueuissel
853 4353 1014 4431 Tomara
1037 4352 1155 4455 igitur
1183 4346 1224 4429 ἅ
1251 4350 1401 4451 impru-
