3344 5124
812 347 993 408 ..102-

344 495 552 600 quaginta,
579 516 670 571 mox
696 497 870 572 centum:
899 496 940 572 vt
968 491 1157 613 gradatim
1189 493 1474 573 exercitationis

275 622 523 701 beneficio
552 624 730 724 exoptata
764 627 959 722 comparet
961 646 1006 699 ur
1005 594 1255 735 disciplina;
1286 645 1374 699 curn
1401 620 1475 700 hoc

341 752 441 855 quod
459 750 600 855 optime
620 748 808 828 videbitur
826 717 1142 880 quemadmodum
1170 774 1216 827 ea
1234 772 1396 851 quorum
1415 773 1472 829 or·

336 879 384 957 do
411 870 625 956 naturalem
652 876 885 1000 memoriam
889 854 1105 980 s'n'gg'eret.
1133 874 1268 952 merito
1287 874 1471 953 subiecto·

335 1029 420 1085 rum
440 1005 668 1108 quibust
593 1002 668 1082 dist
669 988 816 1130 riberta
801 1005 902 1094 :sunt
886 1001 960 1084 t&
978 1003 1187 1108 applicata;
1208 1004 1381 1083 ordinate
1399 1006 1467 1084 tibi

332 1159 408 1213 non
438 1134 564 1212 minus
582 1139 707 1250 qudsp
731 1123 835 1211 siin
859 1134 999 1236 pagina
1017 1140 1146 1213 essent
1164 1140 1321 1213 exarata
1340 1158 1471 1213 occur·

333 1265 442 1340 rent:
464 1267 505 1337 vt
508 1261 583 1382 ab
573 1221 722 1375 §Itim'o
742 1260 789 1337 ad
809 1260 973 1362 primum
994 1261 1125 1338 eadem
1145 1260 1327 1340 facilitate
1345 1261 1468 1365 possis

335 1363 543 1499 incedam
534 1406 614 1493 qua
633 1388 795 1491 aprime
814 1389 862 1466 ad
881 1388 1055 1467 ultimum
1074 1391 1292 1468 accedebas.
1311 1389 1408 1468 Item
1428 1386 1469 1469 dr

333 1488 642 1622 'qrioniodot
552 1518 642 1596 libet
670 1518 840 1597 ordinem
868 1519 1151 1597 referendorum
1172 1520 1390 1612 inuertere3
1419 1518 1470 1596 ad

334 1644 437 1723 hoc
426 1669 510 1748 rpsa
528 1644 697 1724 locorum
718 1644 963 1724 sensibilitate
982 1645 1211 1724 conferente.

865 1896 932 1975 Ill.

384 2152 548 2231 Proinde
575 2154 657 2230 visa
675 2152 929 2230 subiectorum
956 2148 1124 2230 efficacia
1151 2152 1199 2228 ad
1226 2151 1463 2229 adiectorum

334 2279 520 2359 rationem
540 2285 781 2359 transeamus
800 2278 934 2383 quibus
954 2303 1027 2356 non
1049 2286 1230 2381 tanquam
1249 2278 1321 2357 leui
1342 2279 1463 2381 fragi-

329 2408 430 2512 lique
450 2409 694 2487 fundamento
713 2408 897 2487 naturalis
916 2408 1110 2486 innittilur
1130 2407 1324 2485 memoria.
1348 2408 1466 2488 Adest

329 2560 419 2639 ergo
439 2535 596 2639 duplicis
624 2539 773 2641 generis
801 2537 995 2630 memoria,
1016 2536 1268 2613 terminorum
1287 2533 1465 2612 videlicet

328 2669 443 2766 atque
464 2689 610 2742 rerum:
631 2690 790 2767 quarum
810 2665 893 2742 haec
912 2665 1136 2767 simpliciter
1150 2664 1317 2741 admittit
1336 2687 1463 2740 neccs-

329 2785 501 2882 sitatem:
516 2785 580 2862 illa
600 2789 691 2864 verd
712 2788 748 2863 in
768 2787 893 2889 aliquo
913 2788 1076 2888 quodam
1104 2811 1255 2888 genere,
1276 2784 1337 2862 vel
1356 2786 1394 2862 in
1415 2809 1459 2862 eo

329 2914 426 3015 quod
446 2938 513 3015 per
532 2914 651 3016 ipsam
670 2914 755 2991 acui
776 2915 942 2993 creditur
961 2915 1213 3018 memoratiua
1234 2913 1392 2991 facultas
1413 2915 1459 2990 ad

330 3044 490 3146 propriae
518 3043 722 3121 functionis
751 3044 1055 3145 expeditionem:
1085 3043 1275 3145 grauiora.
1301 3066 1336 3118 n.
1358 3042 1460 3143 passi

328 3169 512 3246 minorem
531 3169 792 3247 difficultatem
811 3166 851 3248 dn
871 3170 1096 3248 arduitatem
1116 3193 1192 3245 non
1212 3168 1354 3247 sentire
1373 3194 1459 3247 con·

328 3297 534 3374 sueuimus:
558 3296 615 3373 vel
635 3299 721 3399 qnia
742 3296 900 3374 alicuius
919 3296 1111 3376 facultatis
1127 3297 1200 3374 fert
1214 3295 1458 3386 consuetudo,
1551 3372 1564 3390 ,

328 3448 414 3502 cum
433 3426 669 3504 occurrentia
693 3427 872 3528 propositi
900 3433 1011 3529 atque
1040 3425 1240 3504 sententias
1258 3425 1296 3504 in
1326 3423 1457 3501 initia·

325 3548 419 3628 lium
435 3552 636 3631 verborum
652 3553 931 3654 expressionem
946 3555 1150 3656 requirere,
1166 3553 1227 3633 vel
1242 3553 1329 3657 quia
1344 3553 1456 3632 rebus

326 3678 465 3756 accidit
494 3678 647 3759 vnicum
674 3681 942 3784 propriumque
970 3680 1136 3757 nancisci
1169 3705 1306 3758 nomen
1345 3681 1457 3783 idque

327 3806 525 3884 nonsatis
553 3808 590 3884 in
620 3817 808 3912 promptu,
840 3816 998 3889 visunt
1028 3810 1242 3906 berberem,
1262 3812 1453 3906 arborum,

327 3933 578 4028 mineralium,
598 3937 783 4015 seminum
812 3936 852 4017 dr
881 3939 915 4015 id
945 3965 1064 4042 genus
1091 3939 1264 4032 aliorum,
1294 3965 1454 4042 qnorum

326 4067 549 4162 conceptum
579 4063 716 4142 habere
744 4066 897 4144 minime
925 4067 1083 4144 sufficit:
1105 4067 1165 4144 vel
1194 4069 1346 4145 tandem
1367 4069 1455 4171 quia

325 4209 427 4286 saepe
454 4211 537 4265 sese
565 4187 675 4266 offert
702 4193 849 4271 occasio
878 4195 1090 4294 proferendi
1120 4195 1261 4283 verba,
1292 4220 1451 4297 quorum

325 4313 480 4393 minime
499 4317 683 4394 rationem
703 4318 894 4399 babemus
