3344 5124
771 356 934 419 ..23-

277 505 355 580 tem
374 499 675 596 multitudinem,
693 499 733 579 in
751 499 940 579 infinitam
958 498 1233 581 multitudinem
1252 503 1312 610 (vt
1338 507 1413 612 Py·

278 628 549 732 thagoreorum
577 651 682 706 more
706 626 854 732 loquar)
872 629 1177 732 progrediuntur:
1198 656 1281 734 quae
1300 658 1412 736 quan·

279 759 361 833 tum
376 757 423 833 ab
443 756 590 835 unitate
608 756 801 850 recedunt,
814 760 964 835 tantum
982 758 1029 834 ab
1048 757 1129 860 ipsa
1145 782 1292 864 quoque
1320 763 1415 841 veri·

277 887 356 963 tate
375 883 613 986 elongantur.
633 885 697 962 Fit
713 884 814 962 enim
844 885 890 961 ab
919 884 1002 987 ipso
1030 889 1336 988 superessentiali
1364 891 1412 969 ad

277 1015 460 1092 essentias
488 1015 535 1091 ab
555 1013 728 1092 essentiis
747 1013 794 1091 ad
812 1013 896 1115 ipsa
914 1038 998 1117 quae
1018 1019 1120 1106 sunt,
1139 1016 1186 1092 ab
1205 1015 1251 1093 iis
1271 1016 1319 1094 ad
1345 1042 1412 1096 eo-

277 1140 1418 1248 rumuestigia,imaginessimulachra,&vmbrasexcursuss

279 1277 360 1350 tum
376 1297 510 1349 versus
524 1273 724 1351 materiam
740 1277 783 1350 vt
797 1273 835 1350 in
850 1272 931 1350 eius
946 1277 1031 1351 sinu
1045 1273 1312 1376 producantur3
1330 1281 1411 1356 tum

277 1425 412 1478 versus
431 1425 598 1492 sensum,
619 1406 734 1506 atque
753 1402 937 1480 rationem
958 1405 1000 1480 vt
1019 1426 1086 1504 per
1105 1425 1236 1481 eorum
1256 1403 1411 1484 faculta-

276 1537 351 1606 tem
374 1526 631 1608 dinoscantur.

650 1807 821 1863 ΙΝΤΕΝΤΙΟ
840 1808 969 1862 SEXTA.
999 1808 1033 1861 1³.

329 2041 475 2118 Vmbro
493 2041 532 2118 in
546 2039 707 2119 materia
725 2064 792 2119 seu
811 2044 962 2135 natura,
982 2040 1020 2115 in
1036 2040 1271 2120 naturalibus
1298 2042 1405 2145 ipsis,

274 2169 313 2246 in
334 2193 447 2246 sensu
470 2167 620 2248 interno
635 2172 749 2272 atquc
769 2172 938 2261 externo,
968 2173 1010 2245 vt
1029 2165 1067 2244 in
1086 2172 1191 2247 motu
1210 2165 1250 2247 dn
1264 2169 1407 2248 altera·

273 2294 377 2372 tione
396 2295 583 2373 consistit.
603 2294 648 2373 lu
666 2294 860 2373 intellectu
879 2295 983 2389 vero,
996 2292 1304 2399 intellectumque
1322 2322 1409 2375 con·

273 2429 455 2529 sequente
474 2423 656 2502 memoria
675 2429 733 2501 est
751 2431 793 2502 vt
807 2424 846 2501 in
866 2427 980 2500 statu.
998 2422 1085 2500 Ideo
1103 2422 1252 2526 sapiens
1271 2422 1334 2503 ille
1352 2425 1407 2501 vi·

272 2554 443 2657 saginem
464 2579 579 2656 supra
592 2552 805 2630 naturalem
821 2548 861 2630 dn
876 2550 1203 2655 suprasensualem
1218 2552 1324 2656 quasi
1343 2576 1407 2631 no·

273 2678 396 2757 titiam
417 2686 676 2783 consequtam:
695 2680 764 2756 sub
784 2677 883 2756 illius
904 2677 1013 2780 primi
1033 2677 1113 2755 veri
1134 2677 1297 2782 bonique
1315 2679 1409 2756 desi·

273 2806 448 2886 durabilis
467 2809 602 2886 vmbra
616 2808 806 2886 sedentem
826 2806 983 2884 inducit.
1004 2807 1098 2893 Quae
1118 2808 1236 2885 sessio
1255 2813 1407 2886 seusta·

273 2940 335 3012 tus
351 2935 439 3038 quia
456 2936 496 3014 in
514 2935 741 3014 naturaliter
754 2934 977 3039 degentibus
997 2958 1074 3012 non
1098 2934 1258 3013 multum
1287 2959 1407 3038 perse·

273 3069 383 3142 uerat
395 3061 501 3170 (mox
512 3091 550 3142 n.
561 3070 673 3167 atquc
683 3061 1021 3141 statimsensusisti
1033 3085 1101 3139 nos
1114 3062 1406 3166 insiliuntatquc

272 3189 488 3285 deturbant,
508 3191 652 3295 ipsique
670 3190 791 3269 nostri
811 3189 925 3266 duces
950 3189 1218 3292 phantasmata
1235 3213 1305 3267 nos
1323 3190 1403 3267 cir·

272 3319 544 3397 cumueuieudo
559 3317 758 3423 seducunt)
772 3319 890 3396 sessio
905 3318 969 3395 illa
984 3319 1107 3421 potius
1135 3321 1327 3423 praeterito
1342 3321 1403 3400 ab·

273 3443 395 3524 soluto
415 3447 477 3524 vel
496 3446 686 3540 inchoato,
707 3471 819 3548 quam
835 3447 1014 3549 praesenti
1034 3450 1203 3549 tempore
1231 3447 1403 3551 designa·

273 3577 347 3650 tur.
366 3574 481 3652 Dicit.
501 3598 539 3651 n.
555 3576 624 3652 sub
643 3575 777 3652 umbra
792 3572 885 3659 sedi,
906 3572 966 3651 vel
981 3572 1168 3651 sedebam.

617 3854 790 3910 lNTENTlO
818 3852 987 3906 SEPTIMA.
1016 3855 1052 3907 (l.

321 4086 417 4168 Cum
434 4089 526 4166 vero'
542 4088 581 4166 in
592 4090 706 4167 rebus
721 4086 895 4167 omnibus
906 4088 998 4166 ordo
1013 4087 1063 4166 sit
1074 4093 1186 4193 atque
1197 4091 1396 4188 connexio,

146 4228 153 4241 ‘
266 4223 310 4296 vt
335 4218 517 4296 inferiora
545 4220 674 4296 mediis
693 4215 733 4297 dr
761 4219 884 4297 media
912 4219 1169 4322 superioribus
1193 4220 1399 4300 succedant

266 4347 497 4451 corporibus3
526 4329 746 4452 Composita
773 4347 1019 4452 simplicibus,
1048 4348 1233 4452 simplicia
1260 4348 1400 4454 simpli·
