3344 5124
749 404 928 466 ..225-

286 548 372 626 «sit
398 548 518 629 fixum
546 549 645 652 apud
673 551 724 642 te,
744 552 857 651 atque
875 549 1074 645 sancitum,
1097 556 1138 628 vt
1164 574 1311 654 semper
1337 548 1405 629 tali

286 673 389 752 «fini
418 674 493 753 tale
522 673 745 779 principium
774 672 965 779 intelligas
992 677 1208 756 succedere.

776 951 897 1054 arv.

332 1230 455 1318 ‹Quo
487 1231 532 1308 ad
564 1228 805 1316 Qualitatem.
834 1229 1012 1310 Subiecta
1040 1233 1083 1309 vt
1109 1229 1244 1310 volunt
1270 1255 1401 1311 omnes
1494 1298 1501 1307 ,

278 1382 394 1436 «non
422 1357 557 1436 debere
577 1382 658 1435 esse
686 1357 844 1435 nimium
861 1356 1034 1452 illustria,
1054 1381 1175 1460 neque
1194 1358 1397 1438 admodum

277 1487 486 1564 «obscurat
514 1486 580 1564 sed
609 1482 698 1563 talia
726 1484 853 1588 qualia
880 1510 955 1564 non
989 1484 1250 1588 intelligantur
1278 1488 1399 1565 excel·

277 1613 429 1692 ‹lantia
456 1638 526 1690 sua
553 1611 677 1690 visum
704 1612 872 1705 turbare,
903 1611 962 1690 vel
996 1612 1145 1691 defectu
1172 1638 1242 1692 suo
1271 1613 1398 1692 visum

278 1741 439 1820 «minus
465 1764 632 1819 monere.

780 2006 880 2106 gv.

330 2287 451 2373 ‹Qno
486 2285 532 2363 ad
562 2282 832 2362 Differentiam.
869 2281 1015 2361 Volunt
1042 2289 1088 2362 vt
1106 2292 1290 2363 caueatur
1319 2295 1396 2364 tan-

274 2438 423 2514 «qnam
447 2413 495 2490 ab
524 2415 613 2513 igne
640 2411 664 2488 a
682 2409 899 2512 pluralitate
928 2410 1106 2490 similium
1126 2413 1308 2498 locorum,
1329 2414 1392 2490 sed

273 2570 291 2612 a
310 2542 348 2618 in
374 2540 475 2619 omni
504 2539 684 2618 electione
704 2541 987 2616 commendetur
1007 2540 1183 2617 varietas,
1211 2538 1320 2617 Vnde
1341 2540 1394 2616 di·

273 2672 418 2748 «mitte
446 2665 650 2773 (inquiunt)
678 2666 788 2768 plura
817 2667 918 2744 inter
947 2667 1136 2744 columnia
1164 2666 1315 2759 similia,
1345 2667 1392 2743 si-

272 2796 416 2874 ‹miles
444 2797 654 2888 fenestras,
683 2794 829 2872 dimitte
862 2820 984 2873 vacua
1015 2796 1148 2898 spatia.
1182 2795 1226 2873 ln
1256 2796 1391 2898 quibus

268 2959 287 3000 «
307 2931 434 3001 tamen
461 2922 490 2999 si
521 2920 668 3023 placeat
686 2920 825 3023 aliquid
845 2919 1041 3002 collocare:
1063 2921 1262 2999 instituere
1281 2925 1389 3023 potes

271 3080 290 3126 ‹
308 3051 457 3155 aliquod
487 3048 764 3152 receptaculum
784 3048 991 3127 cuiusmodi
1011 3053 1068 3126 est
1090 3049 1222 3143 altare,
1244 3073 1388 3141 mensa,

271 3179 456 3271 «ruolium,
484 3178 683 3278 ceteraque
712 3175 939 3254 huiusmodi.

767 3458 792 3554 a
822 3453 887 3532 vi.

323 3733 518 3820 <Quoad
555 3733 807 3812 Relationem.
842 3731 1019 3812 Subiecta
1052 3732 1188 3809 debent
1220 3731 1378 3836 intelligi

265 3860 478 3954 «formata,
504 3867 617 3954 mota,
648 3858 688 3940 dn
716 3861 878 3939 alterata
905 3861 1069 3938 aduentu
1093 3860 1312 3964 imaginum:
1342 3868 1383 3938 vl

269 4015 286 4060 <
305 3989 453 4064 easdem
469 3987 594 4064 valeat
612 3987 807 4065 commode
822 3991 1105 4090 repraesentare.
1124 3986 1382 4090 intelligantur

268 4114 457 4214 «inquam
485 4112 631 4208 affecta,
651 4114 763 4192 sicuti
783 4116 830 4192 de
857 4114 956 4192 iacto
975 4112 1136 4192 afficitur
1163 4114 1301 4218 pagina
1321 4141 1388 4214 par

268 4269 286 4312 ‹
304 4241 569 4318 aduenientem
588 4240 746 4320 literam:
767 4240 829 4319 vel
856 4241 887 4317 si
908 4241 991 4318 fieri
1019 4246 1153 4343 potest,
1175 4238 1214 4319 du
1242 4241 1388 4335 melius,

217 4457 223 4467 ⁴
268 4371 401 4449 <sicut
430 4369 593 4448 afficitur
620 4396 709 4451 cera
736 4399 803 4477 per
833 4397 942 4453 nouae
970 4372 1146 4478 imaginis
1180 4371 1391 4475 impressio·

327 4505 330 4511 ’
1272 4506 1307 4564 29
