3344 5124
820 358 982 420 44-

331 498 504 596 Martini,
515 499 611 580 alias
623 527 692 604 par
705 527 845 606 equum
859 503 1014 606 Georgi,
1024 503 1124 607 quod
1138 501 1312 584 dicere&
1324 504 1468 583 sentire

330 653 408 709 non
420 629 600 710 convenit
608 630 964 731 grauitatiillorum.
976 631 1165 735 Quidquid
1174 631 1276 710 euim
1285 629 1465 711 sentiant:

330 780 524 861 nunquam
542 757 791 860 corporalitas
810 761 887 864 quai
904 759 1177 865 corporalitas,
1203 784 1272 838 seu
1290 759 1466 865 proprius

330 886 434 964 dicas
452 911 591 991 corpus
609 913 686 991 qua
703 912 841 992 corpus
860 892 942 981 est,
960 887 1152 991 quippiam
1171 912 1288 990 agere
1306 887 1465 992 intelligi

329 1014 441 1093 debet
469 1014 546 1094 imd
576 1014 845 1093 uniuersaliter
863 1014 1112 1093 asserendum
1146 1018 1171 1092 a
1197 1015 1466 1118 corporalitate

328 1168 405 1224 non
425 1171 508 1223 esse
527 1145 739 1237 actionem3
769 1147 794 1223 a
812 1145 946 1222 maiori
966 1145 1092 1222 minus
1110 1169 1215 1235 esse,
1243 1147 1267 1220 a
1294 1143 1466 1223 maxima

330 1278 595 1381 minime,quia
614 1303 751 1380 corpus
771 1283 958 1381 quatenus
978 1300 1116 1378 corpus
1134 1300 1209 1354 uon
1224 1274 1464 1379 agitomnis.

330 1433 368 1486 n.
390 1408 492 1487 actio
510 1413 570 1486 est
586 1410 611 1484 a
628 1406 825 1510 qualitate,
844 1402 885 1485 dr
904 1405 951 1483 ab
972 1431 1017 1484 eo
1036 1405 1135 1509 quod
1151 1403 1385 1507 spiritualius
1406 1408 1466 1482 est

329 1538 412 1640 ipsa
429 1535 624 1639 qualitate
645 1535 779 1638 magis,
799 1531 840 1613 dr
857 1535 905 1613 ab
926 1533 1147 1636 incorporeo
1166 1534 1345 1612 maximd.
1368 1532 1462 1611 thi·

328 1665 394 1742 bet
410 1688 504 1767 ergo
521 1661 785 1766 intelligantur
803 1662 922 1740 verba
939 1660 1090 1740 illorum
1109 1658 1343 1738 famosorum
1363 1660 1459 1737 viro

329 1815 414 1870 rum
434 1791 578 1870 euitare
596 1796 791 1895 nequeunt
804 1814 954 1893 semper
967 1789 1249 1883 inconueniens,
1265 1785 1305 1867 dr
1319 1788 1351 1865 si
1368 1787 1462 1867 velis

332 1943 396 1997 eos
414 1944 595 1997 excusare
624 1919 722 2024 quod
742 1944 819 1997 non
838 1916 1049 2021 corporalia
1075 1924 1197 2020 agunt
1224 1917 1347 2019 magis
1372 1916 1462 2019 quia

330 2046 556 2150 corporalia,
570 2049 637 2126 sed
652 2048 741 2152 quia
756 2045 915 2124 multum
926 2050 1125 2124 morantur
1135 2042 1175 2124 dr
1185 2052 1275 2123 sunt
1286 2042 1462 2122 vehicula

330 2175 608 2267 accidentium,
633 2175 810 2278 aquibus
833 2174 1117 2252 informationes
1137 2170 1358 2251 efficiuntur
1376 2198 1461 2277 quae

330 2297 566 2376 morantibus
585 2298 807 2399 corporibus
826 2312 1045 2392 merentum
1064 2294 1104 2375 dr
1122 2296 1311 2374 morantia
1328 2295 1458 2395 figun-

328 2431 394 2504 tur
407 2425 542 2528 magis.
558 2424 651 2500 Haec
666 2424 860 2503 excusatio
875 2449 950 2503 non
970 2431 1096 2527 potest
1115 2424 1197 2526 capi
1214 2449 1283 2502 uec
1302 2423 1462 2502 retineri

330 2554 531 2658 quominus
551 2554 671 2632 obiter
689 2560 889 2632 euomatur
903 2555 927 2631 a
941 2555 1067 2632 vorbis
1087 2553 1249 2646 illorum,
1266 2552 1464 2630 leuissimi-

330 2707 403 2785 que
422 2681 608 2758 stomachi
628 2680 829 2758 sententia.
850 2680 960 2758 Mitto
980 2681 1077 2782 quod
1099 2681 1221 2783 magis
1242 2680 1355 2757 rudes
1368 2691 1461 2758 sunt

332 2809 453 2912 magis
474 2809 625 2901 morosi,
645 2806 685 2887 dr
706 2810 826 2912 magis
846 2809 985 2886 morosi
1007 2810 1127 2911 magis
1147 2810 1280 2887 rudes:
1310 2834 1379 2886 nec
1399 2810 1459 2885 ob·

330 2943 408 3016 stat
426 2937 525 3039 quod
544 2936 762 3037 experimur
781 2959 850 3012 nos
870 2941 1062 3012 morantes
1091 2936 1129 3012 in
1158 2936 1461 3012 corrsiderationo

331 3065 443 3142 vuius
463 3065 517 3142 rei
535 3064 657 3168 magis
677 3089 863 3143 memores
882 3065 984 3141 reddi
1005 3067 1118 3168 quam
1148 3063 1220 3141 leui
1249 3064 1461 3140 considera-

330 3191 432 3270 tione
456 3197 595 3294 praeter
623 3192 803 3287 labantes,
832 3171 1048 3296 experimur
1075 3193 1173 3269 enim
1204 3192 1462 3293 etiamatque

330 3345 408 3400 non
427 3321 563 3414 minus,
580 3346 649 3399 nos
667 3322 839 3422 quaedam
858 3321 938 3399 sine
957 3346 1065 3399 mora
1083 3321 1211 3398 audita
1237 3332 1352 3423 atque
1382 3321 1463 3398 visa

330 3448 392 3549 pel
411 3447 526 3526 etiam
545 3448 784 3526 considerata
802 3448 841 3524 iu
859 3447 1131 3550 sempiternum
1152 3448 1358 3539 recordari,
1388 3447 1464 3525 alia

334 3604 424 3659 vero
444 3579 582 3657 diutius
602 3578 860 3679 attentiusque
880 3578 963 3654 visa
980 3574 1020 3654 dr
1039 3577 1289 3670 considerata,
1310 3576 1464 3654 minime

332 3703 510 3781 retinere.
526 3701 637 3778 Haud
653 3702 769 3804 igitur
788 3701 825 3778 in
847 3725 954 3778 mora
972 3696 1296 3801 &corporalitate
1315 3706 1372 3775 est
1390 3699 1467 3774 vir·

333 3836 409 3923 tus,
438 3828 514 3906 imo
543 3828 581 3904 in
610 3828 689 3932 ipso
718 3830 906 3907 contrario
935 3828 1097 3904 maxime
1125 3827 1224 3929 quod
1252 3826 1301 3903 ad
1328 3850 1464 3927 corpus

333 3957 483 4035 attinet.
501 3956 606 4043 Quod
624 3983 715 4033 vero
730 3959 777 4033 ad
797 3958 958 4034 alterum
979 3981 1053 4034 non
1074 3963 1132 4032 est
1151 3981 1255 4033 urora
1276 3981 1359 4058 quae
1375 3955 1465 4030 facit

335 4085 526 4163 fixionem:
555 4085 619 4162 sed
648 4085 779 4161 formae
803 4085 995 4173 actiuitas,
1026 4084 1174 4160 videtur
1201 4088 1330 4159 aulem
1359 4106 1465 4159 mora

335 4212 508 4292 conferre
535 4211 760 4314 aliquando:
790 4212 880 4315 quia
898 4211 1018 4289 forma
1038 4210 1161 4313 aliqua
1182 4234 1257 4286 non
1287 4213 1375 4310 apia
1404 4209 1463 4283 vel

334 4347 426 4424 nata
444 4344 503 4417 est
521 4339 596 4417 cito
617 4365 742 4443 agere,
763 4341 822 4417 vel
842 4340 1053 4436 subiectum
1073 4341 1147 4417 citd
1167 4339 1346 4442 recipere,
1367 4338 1463 4415 ided-
