3344 5124
692 366 853 430 ..31-

209 508 254 585 iis
272 534 358 612 quae
376 509 416 588 in
437 510 590 600 virtute,
610 504 650 589 dr
674 510 812 606 radice,
833 507 1147 614 &implicatione
1175 510 1338 612 quadam

210 637 415 733 continent,
429 637 475 716 ad
498 636 706 715 formarum
721 637 1023 739 explicationem,
1043 632 1084 715 dr
1103 661 1169 739 per
1187 641 1340 714 natura·

208 761 294 858 lem,
322 761 361 842 dr
381 762 603 842 rationalem
623 788 776 841 cursum
804 765 913 842 nobis
932 768 990 843 est
1008 764 1335 869 progrediendum.

208 891 355 971 Natura
373 895 440 973 dat
458 894 651 972 inuolutas
667 895 821 998 species,
833 900 1035 998 antequam
1047 894 1172 973 tradat
1187 895 1337 973 easdem

208 1019 428 1123 explicatas.
447 1019 628 1099 Similiter
641 1021 759 1118 Deua,
774 1020 946 1100 similiter
965 1019 1005 1100 d
1021 1027 1121 1100 artes
1142 1047 1226 1125 quae
1245 1022 1338 1102 diui·

206 1169 309 1243 num,
325 1144 589 1226 &naturalem
603 1148 773 1227 ordinem
790 1174 857 1252 pro
873 1147 1056 1250 dignitate
1073 1153 1336 1255 persequutor.

207 1274 245 1352 Si
261 1275 397 1378 quibus
417 1278 507 1353 verd
524 1277 683 1355 arduum
705 1277 855 1355 videtur
873 1276 911 1354 in
933 1277 1075 1354 vmbris
1093 1279 1276 1373 exerceri,
1297 1276 1337 1358 dr

208 1404 387 1482 vanitatis
406 1412 624 1508 suspectum
644 1405 674 1483 si
705 1431 771 1509 per
791 1431 854 1482 eas
874 1405 920 1481 ad
950 1405 1072 1484 lucem
1101 1432 1178 1485 non
1208 1414 1336 1511 pateat

207 1556 392 1609 accessus:
417 1532 547 1610 norint
574 1532 690 1610 talem
709 1531 897 1610 defectum
916 1557 992 1610 non
1011 1559 1094 1612 esse
1112 1536 1159 1614 ab
1179 1536 1335 1617 vmbris.

205 1660 341 1738 Norint
358 1660 474 1739 etiam
492 1668 551 1738 sat
566 1661 743 1766 expedire
760 1661 820 1740 vel
838 1661 1053 1742 inuolutum
1072 1664 1214 1758 tenere,
1235 1666 1334 1768 quod

203 1787 347 1865 nudum
366 1811 441 1867 non
456 1789 595 1890 capias.

590 2065 761 2121 muno
791 2066 880 2122 xvn.
910 2069 948 2121 R.

254 2293 311 2373 De
339 2292 483 2372 vmbris
502 2293 696 2399 physicis,
725 2300 814 2375 sunt
841 2321 889 2374 ex
917 2297 1177 2379 arboribus&
1204 2299 1332 2381 herbis

203 2444 287 2522 quae
315 2418 450 2520 fugant
469 2426 690 2524 serpentes,
711 2420 751 2501 dc
770 2423 922 2503 mitiora
941 2423 1071 2503 fovent
1097 2425 1332 2505 animantia:

202 2551 292 2625 sunt
311 2543 351 2626 <o
370 2550 571 2629 contrariae
590 2550 647 2628 iis.
672 2552 727 2628 De
757 2554 900 2631 vmbris
929 2559 1055 2632 autem
1084 2553 1265 2633 idealibus
1284 2553 1331 2659 (si

203 2673 292 2750 rere
308 2673 384 2751 sint
403 2673 647 2779 ideales)cum
660 2678 1012 2756 omnesreferantur
1032 2679 1079 2755 ad
1099 2680 1331 2759 intellectum

203 2797 305 2879 &ad
325 2806 529 2906 purgatum
549 2826 703 2881 sensum
722 2805 940 2884 interiorem
952 2831 1025 2883 ιιοιι
1041 2818 1130 2885 sunt
1150 2834 1234 2913 quae
1255 2835 1330 2888 ma·

200 2930 302 3007 xime
320 2953 395 3006 non
417 2931 630 3009 conducant
648 2931 680 3009 si
705 2956 770 3034 per
790 2958 854 3010 eas
873 2933 940 3009 fiat
960 2958 1164 3029 aseensus,
1195 2934 1234 3014 dr
1253 2963 1329 3019 non

200 3060 410 3163 dormiatur
428 3061 497 3138 sub
517 3059 671 3139 eisdem.

586 3342 757 3398 INTENTIO
787 3344 892 3397 xvlu.
922 3345 951 3396 S.

254 3572 339 3649 Non
369 3572 533 3650 dormies
561 3574 591 3648 si
621 3575 667 3651 ab
696 3573 840 3653 vmbris
868 3573 1034 3679 physicis
1062 3575 1243 3679 inspectis
1278 3576 1327 3654 ad

203 3697 521 3802 proportionalem
543 3701 763 3779 vmbrarum
791 3702 969 3780 idealium
987 3703 1328 3781 considerationem

200 3827 449 3928 promoueris.
465 3825 505 3905 Si
521 3828 568 3905 ab
588 3828 706 3906 oculis
727 3832 866 3907 nostris
886 3830 1105 3932 elongatum
1126 3854 1262 3934 corpus
1278 3831 1326 3907 ad

198 3954 403 4033 distantem
422 3955 544 4035 lucem
564 3959 731 4037 accedat:
760 3959 973 4038 minoratur
1000 3960 1101 4038 illius
1128 3961 1177 4039 ad
1195 3961 1324 4039 oculos

198 4085 349 4160 nostros
371 4085 518 4162 umbra:
528 4085 619 4163 sed
609 4110 858 4189 ipsocorpore
872 4087 993 4189 magis
1013 4088 1133 4166 ailuce
1150 4089 1323 4168 receden-

195 4211 247 4304 te,
266 4208 391 4290 minor
410 4212 458 4289 ab
477 4212 575 4291 illot
558 4213 789 4294 transfundit
775 4219 837 4292 utr
851 4217 997 4311 vmbra,
1013 4216 1187 4381 visuique
1200 4218 1324 4299 maius

195 4334 681 4443 afferturimpedimentum.
