3344 5124
762 355 923 414 ..34-

275 493 372 570 tium
391 493 576 571 notiones.
604 493 646 573 Si
664 495 725 572 cni
743 493 892 598 placeat
917 517 982 571 eus
1001 494 1145 587 animi,
1172 495 1406 599 rationisque

278 621 489 698 accidentia
508 622 645 707 dicere,
665 622 836 724 imperite
850 623 963 698 dicei:
981 623 1172 700 nonenim
1190 634 1281 701 sunt
1298 623 1404 701 hubi·

275 756 351 843 tus,
364 775 436 828 uec
453 750 729 852 dispositiones,
748 773 819 827 uec
842 746 1041 826 facultates
1056 748 1197 825 inuutae
1214 749 1276 826 rel
1299 775 1406 829 ucce-

274 878 420 956 dcntes:
438 878 504 955 sed
524 879 674 980 quibus,
688 874 730 956 82
743 903 811 981 per
824 902 919 979 quas
936 877 1199 979 dispositiones
1213 878 1401 980 quaedum,

274 1005 449 1098 habitus,
468 1005 748 1107 facultatesque
767 1005 1028 1105 producuntur
1046 1011 1160 1106 atque
1178 1004 1404 1082 consistunt.

274 1131 397 1210 Recte
415 1133 517 1210 euim
536 1133 818 1236 speculantibus
836 1134 1055 1210 substantia
1073 1129 1114 1211 c
1132 1133 1307 1211 accidens
1325 1156 1402 1210 uon

272 1257 449 1336 diuidunt
467 1260 644 1362 quidquid
663 1284 747 1335 esse
766 1283 835 1360 per
852 1259 1074 1337 uniuersum
1093 1259 1242 1351 dicitur,
1261 1264 1306 1335 rt
1322 1282 1401 1335 mo

268 1387 318 1465 do
337 1390 599 1490 supponimus.
620 1387 879 1468 Consideratio
899 1386 974 1464 ista
991 1412 1066 1464 uon
1088 1386 1275 1463 modicum
1295 1386 1398 1463 vaiet

268 1516 317 1593 ed
342 1517 561 1594 vmbrarum
581 1518 767 1593 rationem
787 1515 1011 1593 habendam.

658 1791 831 1847 tumulo
859 1793 967 1846 mn.
995 1793 1027 1844 Ζ.

324 2020 469 2097 Vmbro
487 2044 562 2097 non
583 2022 714 2097 subest
732 2022 906 2123 tempori,
924 2021 991 2098 sed
1007 2022 1116 2098 istius
1131 2020 1397 2122 tempori,non

268 2146 352 2225 loco
370 2147 436 2224 sed
456 2147 567 2226 istius
586 2146 681 2239 loco,
701 2173 774 2226 non
796 2149 913 2225 motui
934 2147 998 2224 sed
1020 2147 1131 2224 istius
1144 2145 1398 2224 motuiSimi-

267 2275 353 2353 liter
381 2276 428 2353 de
447 2277 628 2380 oppositis
646 2292 703 2354 est
721 2277 1019 2378 intelligendum.
1039 2275 1287 2353 Abstruhitnr
1306 2301 1398 2378 ergo

268 2406 315 2482 ab
335 2406 436 2483 omni
455 2406 629 2496 veritate,
649 2406 715 2482 sed
735 2430 811 2484 nou
830 2411 889 2482 est
907 2406 990 2482 sine
1008 2404 1086 2482 illa.
1105 2403 1157 2480 Et
1175 2428 1253 2481 non
1271 2404 1395 2480 reddit

268 2533 415 2635 ineptos
433 2533 481 2609 od
499 2532 603 2609 illam
621 2530 669 2633 (si
690 2532 820 2611 idealis
839 2535 889 2610 sit
907 2533 1058 2637 umbra)
1077 2533 1275 2635 concipere
1294 2532 1397 2610 enim

267 2657 359 2736 fecit
378 2661 568 2737 contraria
587 2656 627 2737 81
646 2661 808 2753 diuersa,
827 2685 915 2738 cnm
944 2661 994 2736 sit
1020 2685 1151 2738 vuum.
1178 2658 1334 2737 Vmbrae
1353 2686 1398 2736 e-

267 2785 346 2864 nim
365 2785 459 2863 nihil
479 2793 537 2864 est
555 2788 801 2881 contrarium,
820 2788 1037 2891 precisoque
1054 2811 1125 2866 uec
1142 2788 1311 2878 tenebra,
1326 2812 1396 2866 uec

267 2914 346 2991 lux.
361 2915 420 2991 Ad
441 2915 614 2994 umbram
633 2941 723 3016 ergo
738 2916 883 2992 arboris
898 2917 1068 2995 scientiae
1095 2917 1269 3019 confugit
1283 2917 1396 2995 homo

267 3064 336 3142 pro
355 3040 568 3142 cognitione
588 3042 764 3135 tenebrae,
785 3037 825 3119 81
844 3040 952 3135 lucis3
972 3046 1066 3140 veri,
1087 3039 1127 3122 81
1150 3042 1249 3139 fulsi,
1277 3044 1394 3136 boni,

266 3164 306 3244 c
327 3167 430 3253 mali,
449 3193 535 3246 cum
556 3173 742 3272 quaereret
760 3171 807 3246 ab
826 3169 892 3248 illo
910 3170 1015 3249 Deus
1034 3196 1138 3250 inin
1156 3199 1218 3252 vni
1239 3172 1312 3252 est

640 3448 811 3501 rxrnn‘rro
835 3427 957 3503 xxnii.
980 3421 1015 3505 ψ.

317 3674 412 3754 lltud
440 3677 554 3754 etiem
583 3703 656 3756 non
686 3692 745 3757 est
772 3683 1139 3782 praetermittendnm
1167 3685 1388 3788 quominus

263 3804 546 3899 consideretur,
564 3808 662 3910 quod
685 3834 799 3886 vnum
819 3835 956 3914 corpus
980 3838 1141 3915 opacum
1160 3814 1306 3892 dnobus
1325 3814 1386 3892 vel

265 3930 434 4034 pluribus
454 3936 1116 4038 oppositumluminaribuszduasvel
1136 3940 1263 4043 plures
1282 3942 1393 4044 proii-

263 4059 316 4133 cit
335 4062 500 4138 vmbros.
520 4062 695 4165 Intellige
722 4063 839 4166 igitur
852 4098 855 4103 ·
867 4067 1080 4167 quomodo,
1110 4064 1150 4145 81
1169 4092 1285 4170 penes
1304 4067 1395 4170 quid

264 4185 398 4263 umbra
416 4195 599 4291 sequatur
617 4214 782 4293 corpus:
812 4186 852 4270 81
881 4193 1069 4295 quomodo
1096 4196 1288 4298 penesque
1307 4194 1396 4297 quid

262 4310 382 4389 lucem
403 4323 670 4420 consequatur:
691 4315 731 4394 {c
750 4320 948 4399 considera
967 4324 1283 4426 quemadmodum
1304 4348 1390 4401 vrn-
