3344 5124
832 388 1015 452 ..186-

414 540 556 619 Adesto
575 537 696 618 saeris
716 535 806 615 filiae
825 541 900 614 tuae
920 535 1049 616 Circes
1064 537 1174 615 votis.
1191 534 1232 614 si
1247 535 1406 629 intento,
1422 558 1494 612 ea·

357 671 490 773 stoque
506 669 572 746 tibi
589 667 725 745 adsum
744 667 885 761 animo,
897 667 928 743 si
939 666 1064 770 dignis
1078 691 1147 770 pro
1162 664 1343 744 facultate
1357 665 1494 742 ritibus

361 820 421 875 me
439 803 639 900 praesento.
662 797 718 873 En
740 794 809 873 tibi
830 795 958 873 faciles
978 821 1065 873 aras
1090 794 1312 873 struximus.
1341 792 1496 870 Adsunt

363 928 428 1001 tua
446 923 514 1001 tibi
534 924 741 1002 redolentia
769 923 895 1015 thura,
925 921 1244 1026 sandalorquue
1273 921 1494 999 rubentium

361 1050 500 1130 fumus.
515 1051 575 1130 En
590 1051 702 1130 tertio
718 1052 910 1129 susurraui
927 1048 1140 1131 barbara&
1155 1076 1295 1131 arcana
1310 1050 1493 1129 carmina.

362 1179 536 1258 Peraetae
563 1186 652 1259 sunt
671 1179 927 1259 lustrationes.
947 1177 1100 1282 Septem
1129 1178 1325 1258 suffituum
1353 1204 1496 1281 genera

363 1332 431 1410 pro
458 1313 604 1411 septem
623 1308 751 1387 mundi
773 1307 1007 1412 principibus
1026 1309 1301 1413 expediuimus.
1321 1308 1493 1387 Solutio-

364 1458 429 1513 nes
448 1431 487 1513 ds
507 1434 715 1538 ligamenta
733 1437 780 1514 de
799 1460 903 1514 more
922 1441 1011 1514 sunt
1031 1440 1199 1540 peracta.
1219 1436 1495 1542 Sygillauimus

365 1562 503 1641 omnia.
534 1587 651 1641 vnum
679 1564 785 1652 abest
803 1567 846 1640 vt
864 1562 1136 1666 praecationum
1155 1588 1240 1666 quae
1259 1588 1496 1668 praecurrere

361 1687 593 1795 debuerunt,
618 1714 777 1793 quaeque
804 1689 850 1767 ad
880 1713 968 1768 suos
996 1690 1167 1793 repetitae
1194 1697 1286 1768 sunt
1314 1714 1495 1768 numeros

360 1815 560 1916 concupita
588 1816 834 1918 proferamus.
864 1809 986 1893 Moeri
1004 1816 1149 1919 inspico
1168 1815 1327 1909 lineam,
1348 1813 1387 1896 ds
1408 1818 1495 1894 vide

358 1970 405 2020 an
425 1945 550 2022 adhuc
579 1943 697 2022 altum
718 1944 798 2023 oaeli
820 1943 875 2021 sol
894 1950 1034 2023 teneat.

406 2062 569 2148 morra·
586 2068 648 2147 Nil
666 2070 783 2148 abest.

408 2195 535 2274 Ornos.
565 2196 779 2275 Conuertor
808 2197 925 2300 igitur
954 2196 1001 2274 ad
1033 2201 1071 2276 te
1090 2198 1340 2280 meridianum
1357 2198 1492 2295 solem,

360 2325 657 2428 permirabilem
672 2326 878 2430 potentiam
899 2352 974 2429 qua
996 2351 1094 2404 vnus
1109 2333 1190 2408 tam
1207 2327 1369 2432 plurima
1384 2329 1492 2407 facis,
1589 2363 1590 2366 Ν

358 2453 437 2533 Per
460 2453 735 2533 concitatarum
756 2480 940 2559 equorum
959 2460 1113 2536 tuorum
1142 2483 1290 2556 cursus,
1321 2457 1384 2561 qui
1412 2459 1496 2535 vni·

357 2606 469 2660 uersa
497 2583 676 2686 detegens
704 2584 777 2662 duo
804 2583 962 2663 latentia
992 2586 1183 2688 percurris
1208 2586 1493 2690 hemisphaeria.

360 2710 453 2797 Quis
467 2736 595 2814 quaeso
615 2738 742 2792 rerum
761 2713 894 2791 modus
914 2714 995 2791 esti
1015 2715 1113 2793 Ecce
1134 2715 1202 2791 sub
1221 2714 1388 2792 humano
1409 2737 1491 2790 cor·

361 2836 436 2916 tice
465 2838 607 2916 ferinos
635 2839 794 2918 animos.
823 2841 1011 2919 Conuenit
1039 2867 1087 2920 ne
1108 2841 1272 2919 bominis
1292 2866 1429 2944 corpus
1449 2845 1493 2921 vr

357 2991 500 3045 caecum
529 2973 644 3070 atque
673 2968 788 3047 fallax
816 2967 1074 3049 habitaculum
1102 2969 1299 3047 bestialem
1326 2970 1492 3047 animam

357 3093 548 3171 incoleret
568 3094 641 3172 Vbi
662 3101 753 3172 sunt
772 3096 855 3174 iura
874 3097 1026 3174 rerum?
1048 3097 1109 3173 vbi
1129 3096 1206 3191 faS,
1227 3097 1405 3201 nefasque
1426 3121 1492 3172 na·

360 3218 482 3295 tumel
502 3217 540 3296 Si
561 3220 742 3323 repetiuit
761 3224 911 3299 Astraea
930 3222 1076 3316 eaelum,
1097 3223 1204 3301 ouius
1220 3248 1267 3300 ne
1285 3222 1489 3324 vestigium

359 3347 509 3448 quidem
529 3354 632 3427 terra
654 3350 797 3429 videat:
820 3376 887 3428 eur
905 3374 980 3428 non
1000 3352 1046 3428 de
1064 3350 1158 3428 caelo
1177 3351 1313 3429 saltem
1332 3355 1492 3453 apparet

359 3476 532 3552 Astraeal
545 3476 646 3555 Ecce
662 3477 871 3555 subiuimus
887 3477 1041 3554 minime
1052 3478 1243 3555 occultum
1255 3477 1396 3557 Chaos.
1411 3476 1491 3556 Cur

359 3625 435 3678 non
455 3603 663 3681 miscentur
682 3604 834 3706 ignibus
854 3605 986 3696 maria,
1003 3601 1042 3682 dn
1063 3604 1216 3708 limpida
1235 3605 1355 3707 nigris
1376 3605 1486 3682 terris

356 3736 471 3808 astra:
487 3731 518 3806 si
539 3731 577 3807 in
599 3732 710 3809 terris
730 3732 819 3834 ipsis
835 3730 875 3811 dr
891 3757 1021 3812 earum
1041 3733 1308 3834 gubernaculis
1323 3732 1416 3810 nihil
1432 3740 1491 3811 est

359 3860 454 3959 quod
476 3859 611 3938 faciem
627 3860 860 3939 demonstret
879 3863 1015 3939 suaml
1035 3862 1119 3965 Ipsa
1138 3886 1186 3938 ne
1205 3869 1413 3940 cosmetor
1429 3887 1489 3937 na·

358 3991 446 4064 tura
462 3987 625 4091 decipitl
646 3989 809 4068 Matrem
829 3990 989 4069 dixerim
1008 4015 1057 4068 an
1077 3990 1307 4069 nouercam?
1327 3970 1489 4067 Veritati

355 4111 408 4188 nil
429 4113 512 4215 ipsa
530 4117 704 4195 odibilius
723 4143 804 4195 esse
824 4118 935 4194 debet
952 4117 1130 4195 falsitate:
1152 4117 1309 4195 bonitati
1331 4117 1384 4194 nil
1405 4119 1486 4221 ipsa

359 4239 500 4317 malitia
524 4245 733 4324 molestius.
753 4247 837 4323 Non
858 4253 937 4338 est,
957 4271 1034 4322 non
1055 4253 1112 4323 est
1130 4247 1234 4322 certe
1255 4245 1444 4321 modicum
1467 4248 1489 4319 b

357 4367 567 4448 clarissima
586 4373 716 4450 mundi
737 4372 903 4477 lampaS,
924 4376 1024 4478 quod
1043 4371 1083 4452 ds
1104 4375 1321 4468 visibilium,
1342 4381 1379 4451 et
1409 4397 1486 4450 non
