3344 5124
907 358 1066 420 ..10-

419 531 455 577 n.
474 529 696 597 perpaucos,
722 508 786 593 qui
808 506 883 573 lueo
901 523 970 590 per
993 505 1146 588 seipsos
1169 502 1368 588 intellipere
1385 506 1547 588 possunt,

417 651 552 712 rectum
575 644 618 709 de
643 642 733 727 ipsis
757 638 933 705 iudiciuin
957 637 1096 721 inferre
1119 637 1266 701 ininiinl
1275 641 1456 720 poterunt.

462 775 766 839 Pn1aosn1uvs.-
782 768 899 835 Audis
923 785 1002 850 quie
1025 767 1112 832 dicii
1135 765 1216 831 iste?

456 900 610 975 Hennes
625 896 812 972 -Audio,
828 896 891 961 sed
913 899 949 960 ot
965 893 1047 978 plus
1063 894 1222 971 audiam,
1247 895 1344 958 inter
1367 911 1427 959 vos
1451 894 1545 976 ipsos

410 1032 582 1101 discutite.

457 1159 701 1224 Putaosmuvs.
715 1189 758 1203 -
772 1152 980 1237 Di'soeptabo
999 1153 1115 1237 ipitur
1133 1158 1247 1218 tecum
1263 1154 1430 1239 Lopifere
1444 1152 1477 1220 se
1494 1156 1540 1220 il-

411 1290 474 1356 lud
482 1290 647 1373 primum
663 1283 831 1349 tlt‘oeer'im:
848 1281 985 1347 dietum
1010 1285 1109 1346 tuum
1126 1284 1265 1351 nullius
1287 1303 1361 1351 esse
1376 1303 1538 1369 persua·

410 1416 525 1483 sionis
540 1414 629 1496 quin
644 1411 763 1494 potius
781 1413 852 1475 tuoe
866 1410 1024 1475 rationis
1040 1428 1177 1476 neruus
1201 1412 1397 1497 oppositam
1419 1413 1539 1479 voleat

405 1549 558 1632 firmare
581 1541 805 1610 sententiam.
830 1541 870 1606 li.
899 1561 933 1607 n.
958 1542 1169 1626 panciani
1191 1541 1300 1609 liuius
1317 1543 1538 1609 inuentionis

407 1672 684 1758 intellipentiarn
715 1671 855 1755 suerint
877 1671 1048 1753 assequti,
1069 1670 1112 1736 de
1133 1689 1285 1754 quorum
1305 1689 1454 1738 numero
1477 1689 1540 1755 epo
1647 1706 1652 1714 ·

408 1804 619 1888 Hermesque
640 1817 789 1868 sumus:
814 1817 884 1866 non
910 1800 1055 1866 modieis
1077 1800 1251 1882 efferrent
1267 1797 1449 1868 laudibus:
1473 1801 1542 1886 qui

407 1936 491 2003 verb
514 1936 631 2018 ipsum
646 1930 793 1998 minime
812 1929 1075 2005 intellenerint,
1101 1949 1164 1997 neo
1189 1931 1340 1999 laudare
1359 1936 1539 2017 poterunt,

411 2085 473 2132 neo
495 2063 709 2147 vituperare.

458 2189 783 2260 mansu-Dicis
795 2190 887 2273 quod
902 2209 977 2256 esse
992 2190 1099 2258 debet:
1118 2209 1188 2256 non
1205 2193 1299 2275 quod
1314 2194 1394 2271 erit,
1408 2199 1468 2271 est,
1485 2199 1542 2260 at-

406 2339 475 2405 que
496 2319 580 2404 suit.
607 2317 716 2383 Mulli
737 2334 817 2381 oum
841 2334 911 2381 non
933 2316 1157 2400 intellipaut,
1183 2316 1224 2383 ob
1248 2318 1285 2383 id
1308 2319 1425 2403 ipsunt
1450 2319 1543 2403 quod

405 2469 476 2516 non
500 2448 717 2532 intellipuut,
735 2449 882 2531 insuper
907 2446 938 2513 u
964 2466 1011 2513 ea
1037 2449 1171 2534 iru'quo,
1189 2470 1256 2535 pao
1280 2457 1441 2536 opuntur
1457 2453 1541 2519 ani·

407 2594 481 2651 ino,
507 2575 641 2640 multas
664 2573 842 2639 aduersus
869 2575 1055 2641 authorem
1079 2579 1195 2661 ipsum
1219 2576 1251 2643 ἃ
1273 2582 1389 2645 arteni
1413 2581 1542 2664 adplo-

386 2744 389 2751 ·
406 2711 547 2773 nunaut
569 2704 782 2770 calumnias.
807 2703 934 2769 Noiuze
950 2705 1100 2772 oleribus
1120 2708 1193 2773 tuis
1208 2710 1385 2775 doctorem
1402 2711 1540 2777 Bobum

406 2834 550 2907 audisti,
574 2831 637 2915 qui
659 2832 799 2897 nullane
822 2831 920 2896 ‹te‘ail
934 2850 1009 2898 esse
1029 2836 1209 2902 iizenon‘a
1224 2842 1348 2902 artem:
1373 2839 1436 2904 sed
1458 2857 1538 2905 eane

406 2963 655 3030 consuetudine
679 2966 820 3028 loretum
850 2960 1029 3030 &erebra
1053 2983 1273 3032 sucessuum
1304 2970 1538 3053 repetitione,

404 3119 484 3184 quoe
506 3101 548 3182 fit
570 3101 645 3164 visa
669 3098 852 3163 multoties
877 3098 1095 3171 reuielerulo,
1125 3099 1347 3183 auribusque
1364 3104 1536 3185 percepta
1564 3162 1569 3173 ,

406 3231 584 3297 multoties
607 3229 818 3314 recipiendo,
841 3231 1069 3313 ooiriporarit

451 3370 694 3432 Puaorffiuvs.
708 3398 751 3413 -
764 3362 854 3428 Huic
869 3366 902 3426 si
924 3362 1040 3428 cauda
1063 3364 1165 3444 foret,
1188 3365 1418 3447 cercopiteous
1442 3367 1534 3431 erat.

450 3498 608 3564 hoamen.
622 3530 666 3545 -
683 3493 774 3567 Quid
791 3493 1015 3578 respondebis
1033 3494 1205 3579 Mapistro
1222 3494 1369 3573 Antinoe,
1386 3497 1451 3580 qui
1466 3514 1539 3575 eos,

403 3629 467 3713 qui
485 3631 619 3713 prater
641 3627 808 3709 palpares
831 3625 940 3692 edunt
964 3624 1148 3690 iiieniorioe
1175 3626 1410 3709 operationes,
1431 3631 1540 3710 putat

403 3778 527 3845 mapos
541 3759 596 3829 vel
611 3777 869 3843 enerpunieuos
893 3759 949 3824 eet
971 3759 1088 3826 eiusce
1108 3757 1253 3843 perieris
1273 3757 1432 3825 alicuius
1455 3777 1539 3842 spe-

404 3891 475 3956 oiei
495 3888 617 3956 virosi
649 3888 749 3954 Vides
772 3896 948 3973 quantum
971 3895 1009 3955 in
1034 3891 1167 3956 litteris
1190 3890 1394 3955 insonuerit
1418 3888 1491 3954 ille.

448 4022 692 4086 Paaosffluvs.
705 4053 752 4072 -
764 4020 867 4086 Huuo
884 4040 954 4086 nou
971 4022 1213 4088 eliebitouerinz
1227 4039 1304 4087 esse
1320 4025 1479 4106 nepotem
1498 4020 1542 4085 il·

404 4152 473 4218 lius
496 4152 594 4218 asini
611 4152 677 4236 qui
698 4153 745 4218 ad
768 4154 1053 4219 aoiiseruandanz
1077 4156 1229 4239 speeiem
1252 4156 1326 4239 suit
1348 4167 1384 4224 in
1412 4154 1539 4222 Aralla

405 4278 478 4346 Noe
501 4286 719 4347 reseruatus.
1061 4259 1066 4267 ⁸
