3344 5124
740 425 922 488 -206-

319 566 450 648 Creon.
470 568 586 645 Bene.
606 564 681 645 Sed
701 562 741 645 dr
761 565 798 642 in
815 565 889 642 hoc
903 563 1080 665 cognosci
1099 565 1287 665 poterant,
1307 562 1414 640 edm*

264 695 335 772 sub
354 694 520 773 hominis
550 698 770 795 tegumento
799 691 910 769 simul
940 714 1027 769 cum
1056 689 1157 768 veris
1185 713 1401 767 conuersa·

265 832 398 903 rentur
416 802 644 917 hominibus,
664 818 910 900 &humanas
930 819 1079 898 adirent
1097 819 1253 922 patrias,
1281 823 1400 921 atque

266 952 407 1045 domos,
437 952 482 1028 de
509 950 665 1029 abiectis
695 947 822 1052 paleis,
851 944 1072 1027 &festucis
1100 934 1232 1026 eorum
1260 973 1302 1025 se
1333 947 1400 1024 ad·

264 1082 565 1161 commodantes:
595 1082 686 1185 ipsis
715 1087 937 1185 tamennon
956 1082 1131 1182 poterant
1149 1102 1396 1156 assuescere:

265 1210 363 1290 sicut
381 1204 421 1287 dr
440 1231 566 1286 muros
584 1211 778 1312 nequeunt
804 1230 892 1285 cum
919 1206 1136 1285 hominibus
1164 1204 1395 1298 conuenire,

266 1336 509 1439 quantumuis
523 1336 597 1416 sub
619 1335 749 1420 eodem
769 1335 912 1439 degant
929 1343 1044 1439 atque
1063 1334 1196 1412 uiuant
1214 1338 1329 1412 tecto.

621 1610 863 1696 QVAESTIO
891 1612 1050 1690 XXIIII.
1132 1687 1139 1737 ¹.

323 1868 483 1948 Monnrs.
502 1869 679 1948 Pauones
697 1895 846 1974 quoque
865 1869 973 1948 facile
992 1868 1267 1973 cognouissem,
1287 1867 1403 1946 vide-

270 1999 354 2074 bam
373 1996 472 2075 euim
489 1996 673 2097 gloriosos
688 1995 905 2100 altigrados,
921 2020 1061 2098 pennas
1077 1995 1293 2097 coloresque
1309 2019 1405 2072 suos

267 2125 492 2226 amplautes‚
509 2123 639 2202 inflato
656 2131 806 2226 pectore
824 2129 1024 2202 tumentes.

326 2251 456 2330 Ciacn.
488 2251 611 2331 Certe.
640 2251 712 2330 Sed
732 2248 772 2329 dr
799 2277 863 2329 eos
891 2249 1105 2354 intelligere
1134 2274 1302 2353 pauones
1331 2249 1406 2325 de-

270 2379 448 2473 buisses,
477 2379 540 2482 qui
570 2379 661 2457 nihil
691 2380 764 2458 nisi
794 2378 932 2457 laudati
962 2379 1180 2456 faciebant:
1211 2383 1252 2454 vt
1289 2377 1409 2455 modo

272 2532 362 2586 cum
383 2506 466 2610 quis
486 2532 550 2584 eos
569 2505 802 2603 laudauerit,
826 2534 868 2587 se
887 2507 1019 2610 pennis
1040 2506 1238 2610 explicatis
1257 2506 1410 2584 faciunt

273 2633 506 2735 perspicuos.

647 2909 887 2994 QVAESTIO
916 2912 1039 2988 XXV.

327 3168 487 3246 Moams.
518 3168 715 3247 Luscinias
743 3191 890 3272 quoque
918 3194 995 3247 non
1014 3169 1264 3271 ignorassem.
1285 3170 1409 3246 Erant

273 3296 458 3398 quoddam
478 3297 691 3401 loquacium
710 3298 906 3375 hominum
927 3321 1064 3399 genus,
1085 3298 1147 3398 qui
1169 3296 1331 3374 multum
1350 3298 1405 3374 di-

274 3418 410 3496 cebant
439 3427 481 3495 vt
508 3421 670 3498 muitum
698 3445 833 3523 sapere
862 3421 1108 3499 viderentur:
1139 3446 1231 3524 quos
1252 3419 1407 3522 quidem

275 3545 478 3626 stultorum
498 3549 623 3627 alebat
644 3550 885 3627 existimatio:
915 3548 1147 3652 sapientibus
1167 3572 1272 3650 aeque
1292 3553 1408 3647 atque

275 3675 380 3752 stulti
401 3679 710 3781 contemptibiles,
729 3679 864 3782 quibus
885 3676 974 3754 iliud
994 3702 1069 3754 non
1090 3676 1183 3755 latet
1202 3674 1301 3778 quod
1319 3672 1412 3750 dioi-

276 3811 350 3879 tur.
390 3803 493 3883 VAS
526 3806 763 3884 VACVVM
784 3807 836 3884 M
840 3806 1038 3884 VLTVM
1062 3805 1259 3886 sONAT.

333 3931 460 4012 Creon.
482 3934 643 4038 Optime.
666 3935 759 4013 Erat
778 3931 818 4012 dr
843 3935 1029 4037 quoddam
1058 3932 1252 4037 garrulum
1282 3935 1410 4033 potta-

272 4083 361 4172 rum
382 4085 515 4163 genus,
530 4062 627 4165 quod
648 4061 823 4140 inanibus
844 4060 1160 4139 modulationibus
1179 4059 1413 4138 abundabat.
