3344 5124
382 504 428 575 Ze
469 504 666 574 Cleostratus

381 615 427 683 Zs
468 614 604 680 Arohita

382 726 417 792 Zr
468 697 686 810 Xenophanes

382 835 427 902 Zo
469 833 564 900 Plato

384 946 429 1011 Zv
470 942 684 1030 Raymundus

385 1163 433 1254 Qu
474 1161 537 1228 lor.

386 1274 432 1365 ψιι
474 1272 676 1358 Protagoras

387 1381 424 1468 ψι
475 1377 655 1445 Alohmeon

385 1489 431 1576 ψο
471 1485 619 1554 Euclides

386 1712 447 1780 AA
472 1712 630 1799 Epicurus

385 1822 444 1888 ΑΕ
471 1823 586 1889 Timon

387 1929 432 1997 Al
473 1929 588 2000 Gratas

385 2039 446 2108 AO
474 2039 623 2110 (lleantee

385 2149 448 2218 AV
473 2150 681 2219 Menedemus

386 2370 445 2438 BA
475 2372 704 2460 Polymnestus

386 2482 442 2549 BH
477 2482 643 2551 Philolaus

387 2704 431 2771 BI
476 2703 670 2795 Speusippus

386 2813 443 2879 ΒΟ
473 2813 689 2904 Anaxagoras

386 2925 447 2992 BV
476 2924 653 2993 Archelaus

387 3144 445 3214 CA
471 3147 603 3234 Pyrrho

389 3255 443 3324 CH
474 3256 632 3323 Diodorus

389 3472 432 3571 Ol
477 3472 586 3541 Simon

387 3581 443 3651 CO
475 3583 642 3651 AEsohilus

388 3691 446 3761 CV
474 3691 634 3782 Diogenes

383 4016 443 4088 DA
473 4021 632 4091 Homerus

383 4129 439 4195 DH
471 4131 643 4218 Sophocles

384 4239 428 4307 DI
473 4241 656 4313 Fermaoou

382 4349 439 4417 DO
471 4352 574 4438 Tapes

384 4460 445 4528 DV
474 4461 607 4531 Melieus

856 363 1037 427 ..128-

974 504 1005 570 in
1030 504 1123 592 signa
1145 502 1311 570 duodecim
1448 499 1512 568 121

975 613 1008 677 in
1031 610 1148 679 cubum
1171 611 1413 680 Geometrieum
1451 607 1518 675 122

976 724 1009 788 iu
1032 723 1168 789 mundos
1191 724 1378 791 innumeros
1452 719 1517 786 123

976 833 1010 896 in
1032 830 1125 898 Ideas
1147 829 1179 898 ἃ
1201 829 1242 897 ab
1265 831 1343 898 ideis
1453 827 1517 894 124

979 943 1011 1006 in
1033 960 1149 1008 nouem
1175 940 1333 1008 elementa
1452 937 1517 1004 125

980 1160 1013 1225 in
1036 1159 1152 1227 clauim
1175 1158 1207 1228 ἃ
1229 1157 1362 1228 umbras
1454 1153 1519 1220 126

980 1272 1100 1339 induas
1110 1273 1289 1342 contrarias
1297 1271 1439 1338 rationes
1454 1266 1519 1333 127

978 1381 1011 1444 in
1033 1385 1159 1448 naturae
1182 1381 1341 1447 rationem
1452 1375 1517 1440 128

979 1487 1098 1554 malum
1112 1492 1267 1576 tanquam
1290 1488 1422 1554 nihilum
1451 1483 1517 1550 129

979 1715 1013 1781 in
1035 1716 1134 1782 animi
1155 1714 1335 1783 libertatem
1455 1712 1516 1780 131

980 1824 1018 1890 ln
1040 1823 1284 1911 Misantropiam
1453 1822 1520 1890 132

982 1933 1020 1999 In
1041 1953 1157 2019 panem
1181 1932 1318 2001 fontium
1455 1931 1521 1999 133

979 2040 1096 2109 Haurit
1118 2041 1358 2128 Philosophiam
1455 2039 1521 2106 134

980 2149 1169 2241 Prodigiose
1192 2151 1430 2238 superstitiosus
1456 2149 1522 2217 135

980 2372 1013 2438 in
1024 2373 1153 2462 Pithsag.
1163 2372 1310 2441 fabarum
1321 2371 1442 2440 uultum
1457 2369 1522 2437 136

979 2483 1013 2548 in
1041 2483 1243 2551 harmoniam
1266 2487 1431 2570 patentem

1017 2614 1127 2662 rerum
1457 2593 1522 2661 137

981 2708 1014 2772 in
1036 2727 1170 2774 suauem
1191 2707 1424 2795 philosophiam
1455 2705 1521 2771 138

980 2817 1013 2881 in
1037 2816 1136 2884 chaos
1246 2816 1248 2819 ’
1455 2814 1520 2880 139

980 2927 1014 2992 in
1035 2928 1104 2994 sine
1127 2927 1218 2993 lanoe
1240 2930 1392 2993 naturam
1455 2923 1521 2989 140

984 3170 1130 3236 quaerens
1147 3153 1264 3218 utnon
1280 3150 1423 3215 inueniat
1455 3149 1517 3213 141

982 3260 1015 3324 in
1030 3257 1253 3327 inuolutam&
1277 3262 1446 3324 cornutam

1023 3369 1243 3437 dissertionem
1456 3368 1522 3434 142

980 3479 1087 3544 omnia
1110 3477 1238 3545 nutibus
1262 3477 1427 3545 affirmans
1453 3478 1519 3543 143

981 3587 1014 3653 in
1036 3607 1190 3674 personas
1455 3586 1520 3651 144

981 3697 1015 3763 in
1031 3697 1261 3786 grammaticos
1275 3696 1433 3763 malorum

1018 3809 1221 3895 propriorum
1243 3809 1431 3896 ignorantes
1456 3803 1521 3872 145

929 4074 931 4076 -
977 4028 1009 4092 in
1032 4025 1166 4111 Hpieum
1193 4024 1384 4111 Sophoclem
1455 4025 1520 4091 146

978 4137 1012 4201 in
1035 4137 1207 4223 Tragieum
1230 4137 1408 4203 Homerum
1456 4136 1520 4201 147

870 4294 872 4299 -
977 4248 1008 4311 in
1034 4244 1172 4312 obtioam
1270 4246 1274 4253 '
1368 4252 1369 4255 ’
1456 4247 1521 4312 148

975 4357 1008 4421 in
1030 4357 1266 4440 prospectiuam
1453 4354 1519 4420 149

976 4468 1010 4533 in
1034 4469 1223 4536 memoriam
1454 4467 1521 4537 150
