3344 5124
878 683 926 765 V.

393 943 540 1031 Quibus
568 941 742 1023 foeliciter
769 941 1058 1022 succedentibus
1085 941 1134 1022 ad
1162 939 1383 1022 vlteriorem
1399 941 1470 1020 dat

340 1099 563 1181 progressus
589 1075 864 1178 operationem.
892 1074 1050 1154 Placeat
1077 1074 1230 1179 inquam
1257 1072 1401 1153 homini
1429 1067 1470 1152 dr

339 1201 506 1282 hominis
532 1200 673 1284 actioni
701 1203 876 1282 addicere
903 1202 1199 1281 instrumentum
1229 1201 1289 1281 vel
1317 1200 1465 1306 insigne

340 1355 415 1409 non
434 1328 586 1436 quidem
600 1330 697 1433 qnod
713 1330 760 1409 ad
776 1328 876 1408 illius
890 1334 1044 1409 tantum
1057 1328 1190 1409 referri
1205 1329 1340 1407 debeat
1353 1327 1468 1408 actio·

339 1481 439 1552 nem,
459 1455 526 1534 sed
545 1457 645 1561 quod
665 1457 715 1535 sit
733 1455 911 1536 omnibus
931 1461 974 1535 vt
991 1455 1073 1535 fleri
1101 1461 1228 1560 potest
1255 1456 1468 1560 adaptabile

230 1659 232 1663 ,
341 1585 401 1665 vel
419 1584 556 1667 saltem
575 1585 751 1665 omnibus
768 1583 805 1663 in
825 1584 1003 1688 operibus
1017 1584 1200 1664 obeundis
1215 1585 1466 1689 competibile.

338 1715 437 1794 Non.
451 1739 489 1795 n.
505 1713 591 1793 ideo
605 1713 692 1792 fixae
712 1714 930 1819 ligurantur
949 1713 1011 1792 bae
1027 1720 1121 1792 rotae
1137 1718 1178 1792 vt
1193 1721 1375 1793 maneant
1389 1739 1470 1818 per·

198 1904 203 1914 .
339 1848 475 1947 petuo:
496 1840 560 1921 sed
581 1845 624 1921 vt
641 1843 755 1922 nnius
773 1841 909 1920 adiecti
927 1841 1172 1946 appropriata
1189 1847 1330 1921 nostrae
1348 1842 1467 1948 flgan·

340 1975 401 2047 tur
421 1970 633 2050 memoriae:
654 1973 696 2049 vt
709 1993 797 2050 cum
815 1970 903 2065 buc,
923 1968 1087 2075 illucque
1101 1969 1299 2074 prodeunt·
1319 1994 1468 2075 semper

340 2103 455 2201 atque
473 2096 602 2176 statim
617 2095 750 2175 referri
769 2095 914 2200 possint
931 2095 979 2174 ad
998 2094 1106 2175 illum
1123 2091 1184 2201 (vt
1211 2095 1251 2174 in
1271 2095 1464 2175 vlteriori-

337 2226 409 2304 bus
427 2224 587 2330 patcbit)
605 2224 653 2303 ad
671 2248 783 2328 quem
801 2223 1008 2328 praesentia
1025 2229 1115 2302 sunt
1133 2203 1322 2303 ordinata.
1341 2223 1468 2303 Habet

338 2371 432 2452 ergo
450 2347 572 2452 Lycas
586 2347 800 2440 cathenam,
816 2345 1029 2426 ‘Deucalion
1058 2347 1208 2441 vittam,
1227 2345 1364 2451 Apollo
1392 2346 1472 2425 bal·

337 2476 484 2569 theom,
505 2477 633 2579 Argus
651 2475 858 2579 caputium,
875 2477 994 2555 Arcas
1009 2500 1153 2579 peram,
1168 2473 1335 2556 Cadmus
1353 2479 1466 2553 ante·

337 2601 475 2696 einais,
498 2602 645 2681 Semele
664 2603 896 2707 suppositam
916 2602 1056 2693 sedem,
1075 2599 1115 2682 ds
1134 2603 1190 2682 ita
1207 2603 1385 2707 deinceps
1403 2603 1468 2706 alij

341 2730 430 2823 alia,
449 2755 533 2832 quae
551 2729 640 2809 licet
658 2730 816 2835 singulis
836 2729 912 2808 siut
939 2732 1113 2835 propria:
1133 2741 1225 2811 sunt
1252 2737 1380 2812 tamen
1399 2757 1468 2838 pro

340 2860 483 2937 viribus
510 2858 683 2937 omnibus
711 2858 1003 2964 appropriabilia
1033 2860 1132 2964 quod
1160 2860 1313 2964 quidem
1341 2861 1468 2965 magis

340 2996 398 3066 est
418 2984 641 3064 curandum.
659 2987 789 3065 Ratio.
808 3011 845 3064 n.
866 2986 994 3089 praxis
1014 2987 1158 3066 vltimae
1186 2993 1299 3092 atqua
1317 2989 1467 3093 proiec-

339 3115 414 3209 tio;
434 3113 572 3194 rationi
591 3115 723 3217 praxis
741 3114 897 3193 initialis
916 3121 973 3192 est
993 3115 1239 3216 praeferenda.
