3344 5124
825 369 985 431 ..92-

337 515 518 612 internis,
547 542 621 621 quo
649 516 783 596 melius
801 517 953 596 nomine
972 517 1158 597 intitulari
1180 525 1340 621 possunt
1357 541 1471 622 quam

335 643 548 724 diuinarum
562 644 729 725 idearum
754 646 911 742 vmbrae3
927 645 1024 726 Cum
1039 646 1094 725 ita
1107 648 1132 725 a
1146 645 1318 726 realitate
1331 647 1473 726 distem

334 769 580 864 naturalium3
602 771 702 849 sicut
720 770 914 849 naturales
935 774 959 850 a
979 774 1139 850 veritate
1167 771 1310 852 distant
1328 772 1472 851 metha·

336 898 592 1003 phisicaliuml
610 899 759 978 Harum
778 901 929 1003 quidem
957 901 1170 1004 specierum
1197 901 1342 979 aditum
1359 900 1399 979 in
1417 901 1472 981 in·

333 1030 527 1109 tellectum
555 1030 681 1134 potius
700 1031 921 1109 crediderim
950 1031 1168 1110 immediate
1197 1030 1278 1109 fieri
1297 1054 1366 1134 per
1383 1055 1467 1111 oon·

334 1159 546 1238 uersionem
575 1160 623 1237 ad
651 1158 776 1237 lumen
796 1158 889 1237 illud
916 1161 1016 1262 quod
1035 1159 1118 1263 agit
1142 1159 1181 1236 iu
1202 1157 1312 1235 uobis
1331 1156 1466 1236 intelli·

331 1290 514 1392 gentiam:
531 1312 644 1393 quam
659 1287 914 1366 mediantibus
930 1312 1057 1367 rerum
1074 1287 1319 1392 physicarum
1334 1284 1466 1364 formis

331 1415 434 1493 intus
467 1438 535 1517 ρον
566 1439 700 1503 sensus
732 1415 937 1493 exteriores
966 1415 1137 1517 ingestis.
1160 1412 1220 1490 Ex
1241 1436 1319 1490 vna
1337 1415 1466 1493 tamen

331 1546 441 1646 parte
456 1566 530 1620 vno
545 1539 764 1644 experimur
779 1541 901 1635 modo,
918 1565 966 1617 ex
980 1541 1055 1618 alia
1076 1565 1165 1617 vero
1184 1538 1271 1617 alio.
1287 1538 1466 1644 Propter·

330 1695 375 1748 ea
403 1669 555 1772 expedit
583 1675 784 1772 vtramque
812 1669 987 1770 opinandi
1017 1668 1118 1746 viam
1147 1667 1229 1743 sine
1257 1668 1465 1746 contradic·

289 1792 292 1797 ’
327 1796 430 1875 tione
450 1795 670 1899 complecti:
699 1797 800 1899 quod
818 1796 1006 1899 quomodo
1026 1797 1092 1873 fiat
1119 1793 1208 1872 alibi
1227 1794 1462 1873 demonstra·

327 1928 465 2021 vimus3
484 1924 524 2005 dr
542 1931 589 2005 tu·
603 1951 651 2006 ex
668 1926 869 2029 temetipso
887 1925 918 2001 si
939 1925 976 2001 in
996 1923 1307 2003 communissima
1333 1948 1461 2000 versa·

326 2058 389 2133 tus
409 2081 449 2133 es
467 2053 727 2158 philosophia,
747 2079 815 2157 per
832 2054 916 2132 haec
936 2053 1076 2155 poteris
1096 2052 1363 2130 determinare.
1384 2051 1463 2130 Hu-

326 2181 430 2261 iusce
448 2182 541 2260 sane
559 2181 657 2260 oculi
675 2181 748 2260 nisi
768 2181 807 2259 iu
826 2186 866 2259 te
887 2181 1017 2284 vigeat
1036 2180 1190 2257 emissio
1209 2203 1277 2281 per
1297 2179 1460 2284 applica·

326 2309 480 2390 tionem:
501 2309 565 2413 qui
583 2310 666 2388 fieri
686 2315 810 2412 potest
828 2314 872 2387 vt
890 2309 1096 2412 peripsum
1113 2307 1157 2386 in
1177 2311 1336 2385 caeteras
1355 2308 1456 2386 inte·

324 2436 443 2515 riores
461 2436 598 2515 animae
616 2436 805 2539 potentias
833 2436 1019 2514 scibilium
1047 2459 1176 2538 speres
1195 2435 1374 2537 consequi
1394 2435 1460 2511 im·

323 2563 542 2643 missionesl
562 2564 662 2667 quid.
674 2589 711 2641 n.
723 2563 824 2642 aliud
844 2570 994 2641 estnon
1015 2562 1216 2665 appellere,
1233 2564 1346 2666 quam
1361 2562 1459 2642 clau·

323 2717 386 2770 sos
405 2693 545 2770 habere
560 2691 705 2769 oculos‘l
720 2692 807 2796 quid
823 2691 923 2769 aliud
940 2700 997 2769 est
1012 2691 1188 2769 claudere
1204 2690 1333 2768 oculos
1344 2716 1458 2794 quam

322 2822 362 2901 in
393 2822 526 2900 umbra
554 2818 614 2925 (vt
632 2818 756 2926 aiunt)
784 2822 918 2898 mortis
941 2821 1100 2898 versarii
1123 2845 1201 2898 nou
1219 2844 1267 2897 ne
1286 2821 1310 2898 a
1328 2844 1458 2898 rerum

321 2950 483 3028 veritate
505 2952 621 3052 vsque
640 2949 687 3026 ad
708 2973 774 3026 ora
791 2948 897 3049 vulgi
916 2948 1183 3025 transmissum
1202 2955 1271 3039 est;
1293 2951 1336 3024 vt
1354 2948 1458 3048 equi·

322 3078 450 3158 ualeat
469 3076 683 3182 quempiam
704 3076 881 3154 clausisse
901 3073 1030 3153 oculos
1049 3071 1090 3153 dr
1110 3102 1193 3153 esse
1212 3076 1429 3153 mortuuml

854 3330 921 3410 lx.

371 3587 449 3666 Pro
476 3588 700 3666 formatione
719 3611 812 3665 vero
832 3611 915 3691 quae
943 3585 1115 3688 sequitur
1134 3583 1452 3688 applicationem:

316 3715 409 3793 illud
428 3715 550 3819 primo
570 3715 962 3806 animaduertendum,
983 3713 1063 3790 eius
1083 3719 1202 3791 totam
1223 3711 1301 3788 vim
1320 3711 1359 3788 in
1378 3735 1454 3789 mo·

318 3844 365 3922 do
386 3839 425 3923 dr
445 3844 569 3946 specie
589 3842 852 3947 applicationis
872 3866 954 3919 esse
974 3841 1097 3917 sitam.
1118 3840 1308 3917 Potentia.
1333 3863 1373 3916 u.
1392 3865 1453 3940 ge·

318 3969 501 4047 neraliter
519 3968 793 4072 apprehensiua
813 3968 927 4044 habet
945 3967 1037 4046 illud
1056 3991 1142 4045 cum
1164 3965 1324 4044 materia
1352 3989 1452 4042 com·

315 4119 443 4176 mune:
465 4104 506 4172 vt
521 4097 558 4173 in
578 4123 620 4174 se
641 4096 737 4198 ipsa,
765 4091 805 4174 dr
826 4119 873 4171 ex
892 4097 1014 4196 seipsa
1033 4094 1085 4171 nil
1100 4094 1150 4170 sit
1169 4101 1308 4195 praeter
1326 4091 1452 4169 sinum

316 4223 356 4304 dr
383 4226 722 4327 conceptaculum:
752 4222 897 4300 nullum
927 4228 1199 4297 elementorum
1229 4221 1265 4295 iu
1295 4245 1335 4296 se
1365 4219 1450 4296 odo·

205 4396 208 4402 ·
314 4377 395 4431 rem
415 4352 530 4429 habet
549 4352 712 4457 aliquem
729 4408 739 4444 ,
757 4349 819 4427 vel
850 4372 1049 4452 saporem,
1072 4348 1132 4427 vel
1152 4347 1344 4426 calorem:
1365 4371 1451 4424 con·
