3344 5124
835 389 1015 455 -118-

870 627 976 708 VIII.

787 909 840 977 De
868 908 898 975 V
909 914 993 996 post
1020 908 1057 984 Q.

409 1169 540 1273 Neque
558 1167 651 1249 illud
669 1168 821 1250 silentio
835 1168 1031 1274 praeterire
1045 1167 1130 1247 volo
1143 1168 1357 1248 notandum
1374 1168 1414 1246 in
1432 1167 1487 1246 in·

358 1297 487 1377 teriori
506 1297 698 1404 seriptum
715 1297 821 1404 (licet
838 1322 912 1378 nou
932 1298 1032 1377 inter
1046 1298 1094 1376 ed
1108 1297 1345 1402 propositum
1358 1321 1488 1377 neees-

355 1425 479 1506 saria:
498 1426 565 1504 sed
583 1427 683 1506 inter
708 1427 814 1507 vtilia
832 1432 983 1506 tautum
1001 1424 1288 1530 reponendum).
1307 1449 1344 1504 v.
1359 1430 1445 1530 post
1463 1451 1487 1514 u

357 1577 435 1633 uon
454 1577 596 1659 ponere
616 1556 656 1633 in
685 1579 907 1634 numerum:
936 1559 1100 1633 tantum.
1120 1579 1158 1632 n.
1179 1579 1203 1642 u
1221 1554 1302 1634 sine
1319 1579 1346 1632 v
1364 1579 1487 1658 quan·

354 1688 440 1764 tum
459 1708 547 1765 eum
566 1682 630 1763 illo
651 1685 765 1764 valet.
788 1686 1002 1790 Nunquam.
1019 1708 1057 1762 n.
1073 1706 1246 1762 seorsum
1260 1684 1307 1762 ab
1323 1681 1389 1761 illo
1406 1707 1492 1761 reu·

356 1812 488 1892 uenire
506 1814 719 1892 consueuit.
740 1813 799 1891 lta
818 1818 861 1893 vt
878 1812 991 1917 plane
1009 1837 1056 1899 ev
1076 1812 1186 1889 vuius
1205 1811 1394 1889 duntaxat
1413 1810 1492 1889 vim
1612 1913 1620 1919 ⁸

353 1938 523 2019 obtineat
537 1939 726 2020 elementi:
744 1941 842 2019 vnde
859 1941 919 2019 vbi
935 1944 1181 2019 occurrerent
1195 1939 1385 2018 elementa
1404 1963 1493 2017 ven·

352 2068 476 2148 denda
494 2070 690 2172 prodesset
708 2071 888 2150 scribere.
916 2096 1051 2158 uvturn
1078 2093 1213 2158 uulnus
1240 2095 1363 2157 evasa
1390 2094 1489 2157 urn-

352 2211 458 2277 naum
485 2221 676 2286 aurarum,
702 2200 861 2286 evsrrsl
891 2198 952 2276 vbi
984 2221 1074 2276 vero
1102 2197 1361 2277 necessarium
1390 2199 1491 2274 esset

353 2349 499 2406 emere:
520 2350 593 2405 non
613 2326 765 2429 obesset
781 2324 957 2404 seribere.
975 2324 1076 2411 Qare
1095 2325 1200 2429 qinte
1213 2324 1313 2428 qatis
1328 2322 1487 2426 qadrum

352 2453 528 2558 qiutuml
556 2455 611 2533 ita
638 2451 679 2534 a
706 2454 769 2558 qui
800 2454 908 2533 vanis
939 2454 991 2532 vti
1012 2479 1247 2534 consueuere
1265 2452 1387 2531 literis
1406 2451 1490 2529 sine

352 2580 587 2686 integritatis
607 2578 648 2661 a
668 2582 821 2661 maioris
839 2582 1045 2686 preiudieio
1064 2581 1245 2660 culturae:
1266 2577 1408 2658 exteris
1432 2601 1492 2656 eo·

353 2735 441 2790 rum
460 2708 602 2812 linguas
620 2709 764 2787 frustra
783 2709 823 2786 in
840 2709 992 2813 propria
1012 2707 1136 2812 patrie
1155 2707 1335 2785 studiosis
1355 2704 1489 2785 melius

353 2840 583 2941 praestarent
601 2833 783 2914 officium.

893 3095 962 3174 IX.

473 3354 530 3422 Ad
552 3356 738 3421 internum
761 3354 998 3423 subiectorum
1022 3370 1187 3437 eampum
1206 3353 1368 3436 amplifi-

519 3486 673 3554 candum
698 3484 730 3553 a
763 3487 984 3554 adductorum
1008 3504 1200 3553 numerum
1222 3485 1323 3572 foeti-

674 3618 817 3686 merim&
839 3619 1159 3703 multiplicandum.

409 3861 646 3966 Postquam
673 3862 884 3967 expeditius
914 3859 1043 3964 paneis
1070 3857 1248 3952 adiectis,
1277 3853 1317 3936 dr
1344 3860 1488 3937 arctius

356 3989 617 4069 subiectorum
637 4015 797 4069 numero
816 3989 933 4070 tueris
952 3994 1143 4091 operatus.
1160 3987 1215 4064 De
1230 3987 1489 4067 subiectorum

357 4119 674 4223 multiplicatione
702 4121 753 4198 nil
782 4121 917 4197 addam
936 4126 1189 4221 praeterquam
1211 4117 1311 4220 qued
1331 4116 1378 4193 ad
1398 4117 1490 4194 mul·

358 4245 649 4350 tiplieaudorum
670 4246 889 4350 qualitatem
904 4247 1055 4327 attinet.
1069 4244 1318 4325 Considerate
1333 4245 1488 4348 inquam

361 4397 446 4480 quae
465 4372 601 4452 horum
621 4372 804 4463 tenacius,
823 4397 981 4478 quaeque
999 4371 1139 4483 lentius
1167 4371 1315 4450 adiecta
1344 4370 1486 4448 retine-
