<?xml version="1.0" encoding="UTF-8"?>
<!DOCTYPE html PUBLIC "-//W3C//DTD XHTML 1.0 Transitional//EN"
    "http://www.w3.org/TR/xhtml1/DTD/xhtml1-transitional.dtd">
<html xmlns="http://www.w3.org/1999/xhtml" xml:lang="en" lang="en">
 <head>
  <title>
</title>
<meta http-equiv="Content-Type" content="text/html;charset=utf-8" />
  <meta name='ocr-system' content='tesseract 3.04.00' />
  <meta name='ocr-capabilities' content='ocr_page ocr_carea ocr_par ocr_line ocrx_word'/>
</head>
<body>
  <div class='ocr_page' id='page_1' title='image "./jordanibruninol06brungoog_0093.png"; bbox 0 0 3344 5124; ppageno 0'>
   <div class='ocr_carea' id='block_1_1' title="bbox 677 717 1114 798">
    <p class='ocr_par' dir='ltr' id='par_1_1' title="bbox 677 717 1114 798">
     <span class='ocr_line' id='line_1_1' title="bbox 677 717 1114 798; baseline 0 -1"><span class='ocrx_word' id='word_1_1' title='bbox 677 717 763 797; x_wconf 82' lang='lat' dir='ltr'><strong>DE</strong></span> <span class='ocrx_word' id='word_1_2' title='bbox 809 717 1114 798; x_wconf 82' lang='lat' dir='ltr'><strong>ORGANO</strong></span> 
     </span>
    </p>
   </div>
   <div class='ocr_carea' id='block_1_2' title="bbox 884 987 913 1065">
    <p class='ocr_par' dir='ltr' id='par_1_2' title="bbox 884 987 913 1065">
     <span class='ocr_line' id='line_1_2' title="bbox 884 987 913 1065; baseline 0.034 -1"><span class='ocrx_word' id='word_1_3' title='bbox 884 987 913 1065; x_wconf 90' lang='lat' dir='ltr'><strong>I.</strong></span> 
     </span>
    </p>
   </div>
   <div class='ocr_carea' id='block_1_3' title="bbox 323 1253 1458 1874">
    <p class='ocr_par' dir='ltr' id='par_1_3' title="bbox 323 1253 1458 1874">
     <span class='ocr_line' id='line_1_3' title="bbox 376 1253 1455 1359; baseline -0.003 -25"><span class='ocrx_word' id='word_1_4' title='bbox 376 1254 556 1359; x_wconf 86' lang='lat' dir='ltr'><strong>Reliqum</strong></span> <span class='ocrx_word' id='word_1_5' title='bbox 575 1260 634 1332; x_wconf 90' lang='lat' dir='ltr'><strong>est</strong></span> <span class='ocrx_word' id='word_1_6' title='bbox 661 1259 704 1333; x_wconf 93' lang='lat' dir='ltr'><strong>ut</strong></span> <span class='ocrx_word' id='word_1_7' title='bbox 722 1255 768 1333; x_wconf 90' lang='lat' dir='ltr'><strong>de</strong></span> <span class='ocrx_word' id='word_1_8' title='bbox 787 1279 943 1358; x_wconf 87' lang='lat' dir='ltr'><strong>organo,</strong></span> <span class='ocrx_word' id='word_1_9' title='bbox 964 1280 1037 1358; x_wconf 93' lang='lat' dir='ltr'><strong>quo</strong></span> <span class='ocrx_word' id='word_1_10' title='bbox 1058 1256 1097 1332; x_wconf 91' lang='lat' dir='ltr'><strong>in</strong></span> <span class='ocrx_word' id='word_1_11' title='bbox 1118 1254 1309 1357; x_wconf 89' lang='lat' dir='ltr'><strong>proposito</strong></span> <span class='ocrx_word' id='word_1_12' title='bbox 1332 1253 1455 1332; x_wconf 86' lang='lat' dir='ltr'><strong>utitur</strong></span> 
     </span>
     <span class='ocr_line' id='line_1_4' title="bbox 325 1379 1458 1486; baseline -0.003 -22"><span class='ocrx_word' id='word_1_13' title='bbox 325 1386 453 1464; x_wconf 88' lang='lat' dir='ltr'><strong>anima</strong></span> <span class='ocrx_word' id='word_1_14' title='bbox 466 1382 663 1463; x_wconf 87' lang='lat' dir='ltr'><strong>non-nihil</strong></span> <span class='ocrx_word' id='word_1_15' title='bbox 677 1383 979 1462; x_wconf 79' lang='lat' dir='ltr'><strong>determinemus.</strong></span> <span class='ocrx_word' id='word_1_16' title='bbox 996 1383 1093 1461; x_wconf 91' lang='lat' dir='ltr'><strong>Non.</strong></span> <span class='ocrx_word' id='word_1_17' title='bbox 1105 1407 1142 1459; x_wconf 95' lang='grc'><strong>1.</strong></span> <span class='ocrx_word' id='word_1_18' title='bbox 1159 1382 1300 1486; x_wconf 90' lang='lat' dir='ltr'><strong>agenti,</strong></span> <span class='ocrx_word' id='word_1_19' title='bbox 1319 1379 1458 1461; x_wconf 90' lang='lat' dir='ltr'><strong>sufficit</strong></span> 
     </span>
     <span class='ocr_line' id='line_1_5' title="bbox 327 1507 1456 1615; baseline -0.005 -22"><span class='ocrx_word' id='word_1_20' title='bbox 327 1515 376 1593; x_wconf 87' lang='lat' dir='ltr'><strong>ed</strong></span> <span class='ocrx_word' id='word_1_21' title='bbox 394 1511 619 1615; x_wconf 80' lang='lat' dir='ltr'><strong>completam</strong></span> <span class='ocrx_word' id='word_1_22' title='bbox 634 1511 900 1614; x_wconf 82' lang='lat' dir='ltr'><strong>cognitionem:</strong></span> <span class='ocrx_word' id='word_1_23' title='bbox 920 1510 1053 1588; x_wconf 85' lang='lat' dir='ltr'><strong>formae</strong></span> <span class='ocrx_word' id='word_1_24' title='bbox 1070 1510 1303 1604; x_wconf 81' lang='lat' dir='ltr'><strong>inducendae,</strong></span> <span class='ocrx_word' id='word_1_25' title='bbox 1329 1507 1369 1588; x_wconf 78' lang='lat' dir='ltr'><strong>dr</strong></span> <span class='ocrx_word' id='word_1_26' title='bbox 1397 1535 1456 1587; x_wconf 91' lang='lat' dir='ltr'><strong>su·</strong></span> 
     </span>
     <span class='ocr_line' id='line_1_6' title="bbox 323 1641 1453 1744; baseline -0.001 -23"><span class='ocrx_word' id='word_1_27' title='bbox 323 1643 436 1722; x_wconf 91' lang='lat' dir='ltr'><strong>bieoti</strong></span> <span class='ocrx_word' id='word_1_28' title='bbox 464 1641 648 1720; x_wconf 86' lang='lat' dir='ltr'><strong>formandi</strong></span> <span class='ocrx_word' id='word_1_29' title='bbox 669 1641 852 1719; x_wconf 88' lang='lat' dir='ltr'><strong>rationem</strong></span> <span class='ocrx_word' id='word_1_30' title='bbox 874 1642 1040 1720; x_wconf 89' lang='lat' dir='ltr'><strong>habere:</strong></span> <span class='ocrx_word' id='word_1_31' title='bbox 1062 1666 1193 1719; x_wconf 88' lang='lat' dir='ltr'><strong>verum</strong></span> <span class='ocrx_word' id='word_1_32' title='bbox 1217 1665 1367 1744; x_wconf 90' lang='lat' dir='ltr'><strong>quoque</strong></span> <span class='ocrx_word' id='word_1_33' title='bbox 1387 1642 1453 1720; x_wconf 86' lang='lat' dir='ltr'><strong>vbi</strong></span> 
     </span>
     <span class='ocr_line' id='line_1_7' title="bbox 323 1770 1456 1874; baseline -0.004 -22"><span class='ocrx_word' id='word_1_34' title='bbox 323 1771 470 1874; x_wconf 90' lang='lat' dir='ltr'><strong>negooij</strong></span> <span class='ocrx_word' id='word_1_35' title='bbox 501 1776 613 1874; x_wconf 80' lang='lat' dir='ltr'><strong>urget</strong></span> <span class='ocrx_word' id='word_1_36' title='bbox 641 1770 917 1872; x_wconf 83' lang='lat' dir='ltr'><strong>opportunitas,</strong></span> <span class='ocrx_word' id='word_1_37' title='bbox 939 1771 976 1848; x_wconf 92' lang='lat' dir='ltr'><strong>id</strong></span> <span class='ocrx_word' id='word_1_38' title='bbox 996 1770 1095 1874; x_wconf 94' lang='lat' dir='ltr'><strong>quod</strong></span> <span class='ocrx_word' id='word_1_39' title='bbox 1114 1778 1171 1847; x_wconf 88' lang='lat' dir='ltr'><strong>est</strong></span> <span class='ocrx_word' id='word_1_40' title='bbox 1194 1772 1240 1848; x_wconf 89' lang='lat' dir='ltr'><strong>ab</strong></span> <span class='ocrx_word' id='word_1_41' title='bbox 1261 1775 1396 1873; x_wconf 89' lang='lat' dir='ltr'><strong>agente</strong></span> <span class='ocrx_word' id='word_1_42' title='bbox 1416 1771 1456 1847; x_wconf 92' lang='lat' dir='ltr'><strong>in</strong></span> 
     </span>
    </p>
   </div>
   <div class='ocr_carea' id='block_1_4' title="bbox 323 1897 1458 2127">
    <p class='ocr_par' dir='ltr' id='par_1_4' title="bbox 323 1897 1458 2127">
     <span class='ocr_line' id='line_1_8' title="bbox 323 1897 1458 2002; baseline -0.004 -22"><span class='ocrx_word' id='word_1_43' title='bbox 323 1899 536 1980; x_wconf 89' lang='lat' dir='ltr'><strong>subiectum</strong></span> <span class='ocrx_word' id='word_1_44' title='bbox 565 1898 697 1977; x_wconf 86' lang='lat' dir='ltr'><strong>formae</strong></span> <span class='ocrx_word' id='word_1_45' title='bbox 724 1897 939 1976; x_wconf 86' lang='lat' dir='ltr'><strong>vehiculum</strong></span> <span class='ocrx_word' id='word_1_46' title='bbox 960 1923 1084 2000; x_wconf 85' lang='lat' dir='ltr'><strong>operae</strong></span> <span class='ocrx_word' id='word_1_47' title='bbox 1105 1897 1284 2002; x_wconf 89' lang='lat' dir='ltr'><strong>praecium</strong></span> <span class='ocrx_word' id='word_1_48' title='bbox 1304 1905 1458 1977; x_wconf 89' lang='lat' dir='ltr'><strong>estnon</strong></span> 
     </span>
     <span class='ocr_line' id='line_1_9' title="bbox 323 2022 1454 2127; baseline -0.003 -22"><span class='ocrx_word' id='word_1_49' title='bbox 323 2026 497 2105; x_wconf 90' lang='lat' dir='ltr'><strong>omittere</strong></span> <span class='ocrx_word' id='word_1_50' title='bbox 517 2024 604 2127; x_wconf 92' lang='lat' dir='ltr'><strong>quid</strong></span> <span class='ocrx_word' id='word_1_51' title='bbox 624 2022 730 2100; x_wconf 89' lang='lat' dir='ltr'><strong>sitin</strong></span> <span class='ocrx_word' id='word_1_52' title='bbox 750 2048 820 2100; x_wconf 89' lang='lat' dir='ltr'><strong>sua</strong></span> <span class='ocrx_word' id='word_1_53' title='bbox 839 2024 1013 2118; x_wconf 82' lang='lat' dir='ltr'><strong>esseutia3</strong></span> <span class='ocrx_word' id='word_1_54' title='bbox 1035 2022 1137 2116; x_wconf 91' lang='lat' dir='ltr'><strong>item,</strong></span> <span class='ocrx_word' id='word_1_55' title='bbox 1159 2024 1270 2126; x_wconf 89' lang='lat' dir='ltr'><strong>quale</strong></span> <span class='ocrx_word' id='word_1_56' title='bbox 1289 2048 1371 2101; x_wconf 92' lang='lat' dir='ltr'><strong>esse</strong></span> <span class='ocrx_word' id='word_1_57' title='bbox 1394 2024 1454 2102; x_wconf 91' lang='lat' dir='ltr'><strong>de·</strong></span> 
     </span>
    </p>
   </div>
   <div class='ocr_carea' id='block_1_5' title="bbox 324 2151 1105 2254">
    <p class='ocr_par' dir='ltr' id='par_1_5' title="bbox 324 2151 1105 2254">
     <span class='ocr_line' id='line_1_10' title="bbox 324 2151 1105 2254; baseline -0.008 -22"><span class='ocrx_word' id='word_1_58' title='bbox 324 2156 425 2249; x_wconf 88' lang='lat' dir='ltr'><strong>beat,</strong></span> <span class='ocrx_word' id='word_1_59' title='bbox 444 2151 485 2232; x_wconf 78' lang='grc'><strong>81</strong></span> <span class='ocrx_word' id='word_1_60' title='bbox 505 2151 691 2254; x_wconf 92' lang='lat' dir='ltr'><strong>quomodo</strong></span> <span class='ocrx_word' id='word_1_61' title='bbox 713 2151 764 2229; x_wconf 91' lang='lat' dir='ltr'><strong>sit</strong></span> <span class='ocrx_word' id='word_1_62' title='bbox 782 2152 1105 2229; x_wconf 89' lang='lat' dir='ltr'><strong>contrectandum.</strong></span> 
     </span>
    </p>
   </div>
   <div class='ocr_carea' id='block_1_6' title="bbox 848 2417 893 2493">
    <p class='ocr_par' dir='ltr' id='par_1_6' title="bbox 848 2417 893 2493">
     <span class='ocr_line' id='line_1_11' title="bbox 848 2417 893 2493; baseline 0 0"><span class='ocrx_word' id='word_1_63' title='bbox 848 2417 893 2493; x_wconf 91' lang='lat' dir='ltr'><strong>Il.</strong></span> 
     </span>
    </p>
   </div>
   <div class='ocr_carea' id='block_1_7' title="bbox 320 2683 1541 4450">
    <p class='ocr_par' dir='ltr' id='par_1_7' title="bbox 320 2683 1541 4450">
     <span class='ocr_line' id='line_1_12' title="bbox 378 2683 1460 2764; baseline -0.003 0"><span class='ocrx_word' id='word_1_64' title='bbox 378 2684 525 2764; x_wconf 90' lang='lat' dir='ltr'><strong>Nouem</strong></span> <span class='ocrx_word' id='word_1_65' title='bbox 546 2687 777 2762; x_wconf 91' lang='lat' dir='ltr'><strong>concurrunt</strong></span> <span class='ocrx_word' id='word_1_66' title='bbox 795 2684 843 2760; x_wconf 91' lang='lat' dir='ltr'><strong>ad</strong></span> <span class='ocrx_word' id='word_1_67' title='bbox 863 2684 1217 2761; x_wconf 79' lang='lat' dir='ltr'><strong>rememorationem</strong></span> <span class='ocrx_word' id='word_1_68' title='bbox 1244 2683 1460 2761; x_wconf 83' lang='lat' dir='ltr'><strong>faciendam</strong></span> 
     </span>
     <span class='ocr_line' id='line_1_13' title="bbox 327 2810 1458 2914; baseline -0.004 -23"><span class='ocrx_word' id='word_1_69' title='bbox 327 2811 616 2891; x_wconf 68' lang='lat' dir='ltr'><strong>&amp;memoriam</strong></span> <span class='ocrx_word' id='word_1_70' title='bbox 631 2811 796 2889; x_wconf 88' lang='lat' dir='ltr'><strong>Intentio</strong></span> <span class='ocrx_word' id='word_1_71' title='bbox 810 2810 1037 2889; x_wconf 86' lang='lat' dir='ltr'><strong>antecedens</strong></span> <span class='ocrx_word' id='word_1_72' title='bbox 1057 2835 1132 2914; x_wconf 91' lang='lat' dir='ltr'><strong>qua</strong></span> <span class='ocrx_word' id='word_1_73' title='bbox 1146 2812 1307 2914; x_wconf 92' lang='lat' dir='ltr'><strong>primum</strong></span> <span class='ocrx_word' id='word_1_74' title='bbox 1323 2811 1458 2914; x_wconf 89' lang='lat' dir='ltr'><strong>aliquis</strong></span> 
     </span>
     <span class='ocr_line' id='line_1_14' title="bbox 324 2939 1453 3031; baseline -0.003 -11"><span class='ocrx_word' id='word_1_75' title='bbox 324 2965 458 3020; x_wconf 90' lang='lat' dir='ltr'><strong>sensus</strong></span> <span class='ocrx_word' id='word_1_76' title='bbox 478 2941 725 3031; x_wconf 87' lang='lat' dir='ltr'><strong>extrinsecus,</strong></span> <span class='ocrx_word' id='word_1_77' title='bbox 746 2940 807 3017; x_wconf 89' lang='lat' dir='ltr'><strong>vel</strong></span> <span class='ocrx_word' id='word_1_78' title='bbox 825 2939 1052 3017; x_wconf 87' lang='lat' dir='ltr'><strong>intrinsecus</strong></span> <span class='ocrx_word' id='word_1_79' title='bbox 1072 2939 1122 3018; x_wconf 93' lang='lat' dir='ltr'><strong>sit</strong></span> <span class='ocrx_word' id='word_1_80' title='bbox 1148 2940 1187 3017; x_wconf 92' lang='lat' dir='ltr'><strong>in</strong></span> <span class='ocrx_word' id='word_1_81' title='bbox 1205 2945 1294 3019; x_wconf 89' lang='lat' dir='ltr'><strong>actu</strong></span> <span class='ocrx_word' id='word_1_82' title='bbox 1313 2966 1361 3019; x_wconf 87' lang='lat' dir='ltr'><strong>ex</strong></span> <span class='ocrx_word' id='word_1_83' title='bbox 1380 2940 1453 3018; x_wconf 91' lang='lat' dir='ltr'><strong>hoo</strong></span> 
     </span>
     <span class='ocr_line' id='line_1_15' title="bbox 323 3068 1455 3175; baseline -0.002 -26"><span class='ocrx_word' id='word_1_84' title='bbox 323 3072 421 3175; x_wconf 92' lang='lat' dir='ltr'><strong>qnod</strong></span> <span class='ocrx_word' id='word_1_85' title='bbox 450 3076 626 3148; x_wconf 87' lang='lat' dir='ltr'><strong>mouetur</strong></span> <span class='ocrx_word' id='word_1_86' title='bbox 655 3070 701 3146; x_wconf 91' lang='lat' dir='ltr'><strong>ab</strong></span> <span class='ocrx_word' id='word_1_87' title='bbox 721 3069 881 3147; x_wconf 75' lang='lat' dir='ltr'><strong>oblecto.</strong></span> <span class='ocrx_word' id='word_1_88' title='bbox 900 3068 1129 3148; x_wconf 88' lang='lat' dir='ltr'><strong>Prouocatio</strong></span> <span class='ocrx_word' id='word_1_89' title='bbox 1157 3068 1455 3170; x_wconf 91' lang='lat' dir='ltr'><strong>imaginationis,</strong></span> 
     </span>
     <span class='ocr_line' id='line_1_16' title="bbox 324 3195 1452 3275; baseline -0.001 0"><span class='ocrx_word' id='word_1_90' title='bbox 324 3199 388 3275; x_wconf 89' lang='lat' dir='ltr'><strong>vbi</strong></span> <span class='ocrx_word' id='word_1_91' title='bbox 424 3221 556 3275; x_wconf 88' lang='lat' dir='ltr'><strong>sensus</strong></span> <span class='ocrx_word' id='word_1_92' title='bbox 589 3211 801 3273; x_wconf 87' lang='lat' dir='ltr'><strong>commotus</strong></span> <span class='ocrx_word' id='word_1_93' title='bbox 833 3196 910 3273; x_wconf 90' lang='lat' dir='ltr'><strong>iam</strong></span> <span class='ocrx_word' id='word_1_94' title='bbox 943 3197 1104 3275; x_wconf 89' lang='lat' dir='ltr'><strong>mediate</strong></span> <span class='ocrx_word' id='word_1_95' title='bbox 1139 3195 1197 3273; x_wconf 89' lang='lat' dir='ltr'><strong>vel</strong></span> <span class='ocrx_word' id='word_1_96' title='bbox 1235 3196 1452 3274; x_wconf 87' lang='lat' dir='ltr'><strong>immediate</strong></span> 
     </span>
     <span class='ocr_line' id='line_1_17' title="bbox 322 3323 1541 3429; baseline -0.002 -25"><span class='ocrx_word' id='word_1_97' title='bbox 322 3324 580 3429; x_wconf 82' lang='lat' dir='ltr'><strong>expergefacit</strong></span> <span class='ocrx_word' id='word_1_98' title='bbox 595 3323 915 3426; x_wconf 89' lang='lat' dir='ltr'><strong>imaginationem.</strong></span> <span class='ocrx_word' id='word_1_99' title='bbox 932 3325 1216 3428; x_wconf 91' lang='lat' dir='ltr'><strong>Imaginationis</strong></span> <span class='ocrx_word' id='word_1_100' title='bbox 1234 3329 1359 3402; x_wconf 91' lang='lat' dir='ltr'><strong>motus</strong></span> <span class='ocrx_word' id='word_1_101' title='bbox 1375 3348 1462 3425; x_wconf 89' lang='lat' dir='ltr'><strong>pas·</strong></span> <span class='ocrx_word' id='word_1_102' title='bbox 1539 3336 1541 3339; x_wconf 80' lang='grc'><strong>’</strong></span> 
     </span>
     <span class='ocr_line' id='line_1_18' title="bbox 321 3450 1459 3557; baseline -0.003 -28"><span class='ocrx_word' id='word_1_103' title='bbox 321 3452 431 3533; x_wconf 90' lang='lat' dir='ltr'><strong>siuus</strong></span> <span class='ocrx_word' id='word_1_104' title='bbox 451 3477 525 3557; x_wconf 92' lang='lat' dir='ltr'><strong>quo</strong></span> <span class='ocrx_word' id='word_1_105' title='bbox 540 3450 692 3555; x_wconf 90' lang='lat' dir='ltr'><strong>pellitur</strong></span> <span class='ocrx_word' id='word_1_106' title='bbox 712 3451 760 3528; x_wconf 92' lang='lat' dir='ltr'><strong>ad</strong></span> <span class='ocrx_word' id='word_1_107' title='bbox 779 3451 1101 3553; x_wconf 89' lang='lat' dir='ltr'><strong>inuestigandum.</strong></span> <span class='ocrx_word' id='word_1_108' title='bbox 1117 3451 1402 3556; x_wconf 91' lang='lat' dir='ltr'><strong>Imaginationis</strong></span> <span class='ocrx_word' id='word_1_109' title='bbox 1423 3476 1459 3526; x_wconf 91' lang='lat' dir='ltr'><strong>a·</strong></span> 
     </span>
     <span class='ocr_line' id='line_1_19' title="bbox 320 3578 1457 3683; baseline -0.005 -23"><span class='ocrx_word' id='word_1_110' title='bbox 320 3582 445 3660; x_wconf 81' lang='lat' dir='ltr'><strong>cliuus</strong></span> <span class='ocrx_word' id='word_1_111' title='bbox 467 3589 590 3658; x_wconf 89' lang='lat' dir='ltr'><strong>motus</strong></span> <span class='ocrx_word' id='word_1_112' title='bbox 619 3578 788 3682; x_wconf 89' lang='lat' dir='ltr'><strong>quoiam</strong></span> <span class='ocrx_word' id='word_1_113' title='bbox 807 3579 1025 3683; x_wconf 84' lang='lat' dir='ltr'><strong>inuestigat.</strong></span> <span class='ocrx_word' id='word_1_114' title='bbox 1055 3579 1291 3659; x_wconf 87' lang='lat' dir='ltr'><strong>Scrutinium</strong></span> <span class='ocrx_word' id='word_1_115' title='bbox 1309 3605 1383 3682; x_wconf 92' lang='lat' dir='ltr'><strong>quo</strong></span> <span class='ocrx_word' id='word_1_116' title='bbox 1404 3580 1457 3655; x_wconf 91' lang='lat' dir='ltr'><strong>in·</strong></span> 
     </span>
     <span class='ocr_line' id='line_1_20' title="bbox 321 3706 1454 3812; baseline -0.001 -28"><span class='ocrx_word' id='word_1_117' title='bbox 321 3710 480 3787; x_wconf 88' lang='lat' dir='ltr'><strong>tendens</strong></span> <span class='ocrx_word' id='word_1_118' title='bbox 499 3706 721 3811; x_wconf 87' lang='lat' dir='ltr'><strong>imaginatio</strong></span> <span class='ocrx_word' id='word_1_119' title='bbox 740 3706 958 3811; x_wconf 88' lang='lat' dir='ltr'><strong>inuestigat.</strong></span> <span class='ocrx_word' id='word_1_120' title='bbox 980 3710 1121 3812; x_wconf 87' lang='lat' dir='ltr'><strong>Imago,</strong></span> <span class='ocrx_word' id='word_1_121' title='bbox 1144 3714 1186 3786; x_wconf 92' lang='lat' dir='ltr'><strong>ut</strong></span> <span class='ocrx_word' id='word_1_122' title='bbox 1204 3713 1291 3810; x_wconf 92' lang='lat' dir='ltr'><strong>pote</strong></span> <span class='ocrx_word' id='word_1_123' title='bbox 1310 3706 1454 3810; x_wconf 89' lang='lat' dir='ltr'><strong>species</strong></span> 
     </span>
     <span class='ocr_line' id='line_1_21' title="bbox 321 3835 1456 3941; baseline -0.004 -24"><span class='ocrx_word' id='word_1_124' title='bbox 321 3835 586 3917; x_wconf 88' lang='lat' dir='ltr'><strong>memorabilis.</strong></span> <span class='ocrx_word' id='word_1_125' title='bbox 615 3836 777 3914; x_wconf 92' lang='lat' dir='ltr'><strong>Intentio</strong></span> <span class='ocrx_word' id='word_1_126' title='bbox 797 3837 986 3941; x_wconf 90' lang='lat' dir='ltr'><strong>imaginis,</strong></span> <span class='ocrx_word' id='word_1_127' title='bbox 1007 3840 1140 3940; x_wconf 73' lang='lat' dir='ltr'><strong>nempe</strong></span> <span class='ocrx_word' id='word_1_128' title='bbox 1160 3838 1258 3916; x_wconf 90' lang='lat' dir='ltr'><strong>ratio</strong></span> <span class='ocrx_word' id='word_1_129' title='bbox 1287 3862 1360 3940; x_wconf 91' lang='lat' dir='ltr'><strong>qua</strong></span> <span class='ocrx_word' id='word_1_130' title='bbox 1379 3860 1456 3913; x_wconf 92' lang='lat' dir='ltr'><strong>me·</strong></span> 
     </span>
     <span class='ocr_line' id='line_1_22' title="bbox 323 3961 1461 4065; baseline 0 -24"><span class='ocrx_word' id='word_1_131' title='bbox 323 3963 517 4041; x_wconf 89' lang='lat' dir='ltr'><strong>morabilis</strong></span> <span class='ocrx_word' id='word_1_132' title='bbox 533 3961 695 4040; x_wconf 90' lang='lat' dir='ltr'><strong>efficitur</strong></span> <span class='ocrx_word' id='word_1_133' title='bbox 706 3963 744 4040; x_wconf 93' lang='lat' dir='ltr'><strong>in</strong></span> <span class='ocrx_word' id='word_1_134' title='bbox 761 3964 1050 4065; x_wconf 86' lang='lat' dir='ltr'><strong>praesentiarum</strong></span> <span class='ocrx_word' id='word_1_135' title='bbox 1065 3965 1147 4043; x_wconf 91' lang='lat' dir='ltr'><strong>aliis</strong></span> <span class='ocrx_word' id='word_1_136' title='bbox 1164 3966 1341 4045; x_wconf 83' lang='lat' dir='ltr'><strong>exclusis</strong></span> <span class='ocrx_word' id='word_1_137' title='bbox 1354 3965 1461 4042; x_wconf 88' lang='lat' dir='ltr'><strong>Prae-</strong></span> 
     </span>
     <span class='ocr_line' id='line_1_23' title="bbox 323 4087 1456 4196; baseline 0.002 -29"><span class='ocrx_word' id='word_1_138' title='bbox 323 4087 846 4184; x_wconf 84' lang='grc'><strong>1111111111111111111111111,</strong></span> <span class='ocrx_word' id='word_1_139' title='bbox 863 4092 973 4193; x_wconf 92' lang='lat' dir='ltr'><strong>quod.</strong></span> <span class='ocrx_word' id='word_1_140' title='bbox 990 4118 1019 4168; x_wconf 90' lang='lat' dir='ltr'><strong>s.</strong></span> <span class='ocrx_word' id='word_1_141' title='bbox 1032 4093 1192 4170; x_wconf 90' lang='lat' dir='ltr'><strong>intentio</strong></span> <span class='ocrx_word' id='word_1_142' title='bbox 1209 4093 1274 4171; x_wconf 81' lang='lat' dir='ltr'><strong>Illa</strong></span> <span class='ocrx_word' id='word_1_143' title='bbox 1289 4119 1456 4196; x_wconf 79' lang='lat' dir='ltr'><strong>praesens</strong></span> 
     </span>
     <span class='ocr_line' id='line_1_24' title="bbox 323 4219 1459 4324; baseline -0.002 -26"><span class='ocrx_word' id='word_1_144' title='bbox 323 4220 520 4299; x_wconf 86' lang='lat' dir='ltr'><strong>elliciatur.</strong></span> <span class='ocrx_word' id='word_1_145' title='bbox 538 4219 588 4296; x_wconf 82' lang='lat' dir='ltr'><strong>Et</strong></span> <span class='ocrx_word' id='word_1_146' title='bbox 606 4219 782 4298; x_wconf 92' lang='lat' dir='ltr'><strong>iudicatio</strong></span> <span class='ocrx_word' id='word_1_147' title='bbox 799 4246 872 4323; x_wconf 87' lang='lat' dir='ltr'><strong>qua</strong></span> <span class='ocrx_word' id='word_1_148' title='bbox 888 4221 1184 4324; x_wconf 87' lang='lat' dir='ltr'><strong>apprehenditur</strong></span> <span class='ocrx_word' id='word_1_149' title='bbox 1204 4246 1285 4299; x_wconf 90' lang='lat' dir='ltr'><strong>eam</strong></span> <span class='ocrx_word' id='word_1_150' title='bbox 1307 4248 1388 4298; x_wconf 88' lang='lat' dir='ltr'><strong>esso</strong></span> <span class='ocrx_word' id='word_1_151' title='bbox 1407 4221 1459 4296; x_wconf 92' lang='lat' dir='ltr'><strong>in·</strong></span> 
     </span>
     <span class='ocr_line' id='line_1_25' title="bbox 324 4347 858 4450; baseline -0.006 -21"><span class='ocrx_word' id='word_1_152' title='bbox 324 4350 532 4429; x_wconf 92' lang='lat' dir='ltr'><strong>tentionem</strong></span> <span class='ocrx_word' id='word_1_153' title='bbox 551 4347 652 4425; x_wconf 91' lang='lat' dir='ltr'><strong>illius</strong></span> <span class='ocrx_word' id='word_1_154' title='bbox 672 4349 858 4450; x_wconf 89' lang='lat' dir='ltr'><strong>imaginis.</strong></span> 
     </span>
    </p>
   </div>
   <div class='ocr_carea' id='block_1_8' title="bbox 0 0 1676 5124">
    <p class='ocr_par' dir='ltr' id='par_1_8' title="bbox 0 0 1676 5124">
     <span class='ocr_line' id='line_1_26' title="bbox 0 0 1676 5124; baseline 0 0"><span class='ocrx_word' id='word_1_155' title='bbox 0 0 1676 5124; x_wconf 95' lang='lat' dir='ltr'><strong> </strong></span> 
     </span>
    </p>
   </div>
  </div>
 </body>
</html>
