3344 5124
873 388 913 407 ..
936 350 974 419 16
994 386 1035 406 ...

388 473 514 577 leopos
529 493 673 578 sepiens
688 513 762 563 esse
779 515 919 574 monus,
936 501 989 564 ilc
1005 494 1038 564 a
1052 497 1138 565 oltoe
1153 498 1336 585 lonpoeque
1345 517 1416 583 pro
1434 498 1520 566 locis

388 629 493 708 atque
516 624 729 709 tempestus
741 629 854 710 poetis
869 628 986 693 solent
1001 646 1074 695 esse
1087 647 1196 695 vocer.

432 754 595 822 Lemana.
608 789 652 805 -
666 753 716 822 De
733 756 1037 840 oerst'fieotoribus
1053 759 1143 836 dini,
1161 777 1231 824 non
1242 761 1367 843 poetis.

430 890 847 967 Pmtoufflnvs-Bent,
869 892 980 976 pauci
1004 890 1128 976 ἐρίων,
1153 896 1219 957 out
1241 891 1367 959 nullus
1390 911 1456 977 pro
1480 912 1519 959 sa

386 1023 520 1090 dictum
534 1022 691 1106 putabit.
717 1019 785 1088 Sed
800 1021 875 1087 loeo
891 1021 978 1105 quid
997 1022 1045 1087 od
1067 1040 1142 1087 rem
1167 1023 1351 1089 nostram?
1375 1024 1519 1106 Sufficit

386 1150 480 1234 quod
503 1152 542 1217 iu
563 1150 741 1235 proposito
769 1149 964 1216 authorum
994 1151 1089 1215 ortis
1122 1150 1230 1217 istius
1260 1152 1377 1235 fuerit
1409 1151 1517 1217 intel·

387 1282 529 1348 leolum.

431 1411 593 1477 Loomun.
608 1446 650 1462 -
664 1409 742 1478 Non
767 1411 809 1478 de
830 1414 953 1493 poetis.

428 1539 674 1607 Peitormnvs.
687 1574 731 1589 -
745 1539 812 1606 Sed
834 1543 936 1622 cepta
956 1558 1218 1624 prosequamur
1242 1541 1350 1624 lepos.

874 1780 1033 1860 Hennes

437 2042 536 2121 Hinc
565 2040 652 2150 (ait)
685 2067 771 2122 cum
804 2043 972 2123 animum
1002 2067 1129 2123 meum
1155 2043 1202 2120 ad
1231 2042 1521 2145 obsequendum¹

384 2169 608 2272 quibusdam
627 2171 758 2248 amicis
778 2172 870 2249 meis
889 2171 1100 2275 appulerim
1129 2175 1214 2274 post
1232 2170 1371 2250 diuersi
1402 2195 1513 2272 gene·

384 2299 434 2375 ris
454 2298 547 2377 alias
569 2299 762 2377 memoriae
782 2306 905 2389 artes,
941 2326 1034 2404 quas
1063 2299 1242 2403 priuatim
1271 2299 1317 2376 ad
1346 2299 1514 2377 diuersos

381 2425 599 2521 direximus,
620 2422 660 2504 <ie
680 2428 786 2505 iuxta
805 2428 888 2506 vias
908 2430 1032 2506 varias
1053 2427 1136 2506 aliis
1155 2451 1223 2530 pro
1243 2451 1376 2504 eorum
1390 2426 1510 2528 digni·

381 2558 457 2633 tate
477 2559 590 2658 atque
610 2559 723 2657 captu
738 2559 1113 2636 communicauimus:
1134 2557 1233 2634 hanc
1249 2581 1297 2634 ex
1312 2555 1513 2658 principio·

379 2706 465 2760 rum
481 2682 634 2772 virtute,
650 2708 733 2785 qnae
749 2685 989 2764 continentur
1003 2685 1041 2763 in
1061 2712 1106 2763 ea
1125 2683 1209 2762 aliis
1228 2685 1401 2762 omnibus
1417 2708 1510 2786 prae·

380 2809 584 2905 ferendam,
604 2806 644 2888 rii
664 2835 711 2888 ex
726 2811 896 2890 deductis
912 2811 1003 2891 nulli
1020 2811 1315 2915 posthabendam
1332 2809 1511 2913 compila-

378 2935 515 3015 uimus.
534 2938 578 3014 In
597 2961 672 3039 qua
689 2937 866 3016 nimirum
887 2937 1090 3017 artificium
1109 2936 1218 3016 lacile'
1245 2932 1285 3015 <ic
1310 2936 1510 3015 scientiam

321 3106 326 3117 ·
377 3089 445 3168 pro
474 3064 582 3167 praxi
602 3064 755 3142 minime
773 3065 1001 3144 laboriosam
1029 3064 1220 3169 polliceor,
1241 3065 1380 3143 librum
1401 3065 1507 3159 vero,

378 3191 562 3272 cumanis
581 3192 779 3270 sententiis
799 3192 953 3271 minime
973 3193 1148 3271 omnibus
1166 3192 1351 3296 peruium,
1373 3197 1507 3269 contra

375 3345 506 3401 eorum
525 3322 834 3400 consuetudinem
855 3323 917 3425 qui
937 3322 1055 3401 libros
1074 3323 1120 3400 de
1149 3322 1221 3400 hac
1249 3327 1332 3400 arte
1360 3319 1506 3413 faciles,

376 3458 489 3554 atque
509 3453 654 3529 breues:
683 3453 802 3555 ipsam
834 3454 922 3529 vero
947 3450 1150 3544 difficilem,
1179 3454 1290 3553 atque
1318 3447 1506 3552 prolixam

375 3581 573 3660 tradidere:
595 3581 705 3659 istam
724 3581 958 3659 eruditorum
977 3580 1088 3683 pauci
1113 3577 1341 3680 intelligant,
1362 3572 1505 3652 intelli·

374 3709 547 3812 gentibus
567 3716 694 3786 autem
714 3709 887 3788 omnibns
905 3735 974 3788 vsu
995 3709 1136 3787 veniat:
1156 3708 1277 3810 sitque
1296 3729 1409 3808 quam
1430 3729 1508 3782 om·

374 3859 440 3914 nes
460 3835 539 3915 siue
558 3836 683 3929 rudes,
703 3837 782 3914 siue
808 3836 957 3929 eruditi,
976 3833 1087 3913 facile
1115 3836 1225 3930 scire,
1255 3830 1295 3913 a
1323 3856 1504 3912 exercere

375 3960 539 4063 possint:
564 3966 753 4065 quamque
773 3960 856 4040 sine
875 3962 1051 4054 doctore,
1082 3967 1231 4038 tantum
1249 3960 1289 4038 in
1309 3958 1507 4063 metaphy-

373 4088 459 4165 sicis
474 4084 709 4166 &doctrinis
725 4090 1007 4168 Platonicorum
1023 4091 1119 4168 bene
1134 4089 1274 4167 versati
1292 4086 1441 4191 possint
1455 4088 1509 4163 in·

374 4213 555 4317 telligere:
572 4213 686 4293 habet
700 4215 801 4293 enim
817 4215 906 4294 illud
921 4242 984 4295 ars
1003 4215 1089 4308 ista,
1101 4215 1190 4321 quia
1208 4238 1296 4293 oum
1314 4213 1387 4291 hoc
1407 4212 1507 4315 quod

373 4341 637 4446 complectitur
654 4343 827 4421 terminis
846 4343 974 4420 arduis
990 4338 1030 4421 a
1046 4342 1373 4444 speculatiuarum
1392 4336 1508 4418 lacul-
