3344 5124
682 416 842 478 -53-

252 562 513 665 Singularium
531 563 635 642 ideas
655 571 801 667 ponunt
820 561 1016 664 Theologi,
1044 561 1133 665 quia
1152 555 1192 639 da
1211 585 1331 665 quan·

199 697 281 770 tum
300 692 346 769 ad
366 693 564 771 materiam
584 689 624 771 da
643 700 827 797 quantum
846 693 894 769 ad
912 692 1074 770 formam
1093 688 1242 779 attinet,
1268 693 1330 767 to·

200 818 314 897 talem
334 844 489 897 eausam
509 824 687 897 asserunt
715 843 797 897 esse
816 819 948 896 Deum.
976 817 1026 895 Et
1043 840 1114 894 nos
1134 815 1175 894 in
1204 838 1337 918 propo·

150 1016 157 1033 .
201 946 275 1025 sito
294 945 548 1050 singularium
568 946 673 1025 ideas
693 945 885 1048 volumus,
906 943 995 1049 quia
1014 942 1199 1021 sumimus
1217 940 1332 1019 ideati

203 1071 389 1149 rationem
417 1071 625 1150 seeundum
653 1068 907 1149 uniuersalem
936 1065 1104 1170 figurati,
1134 1062 1175 1144 dn
1193 1090 1332 1169 appre-

202 1198 309 1275 hensi
329 1198 627 1278 similitudinem:
648 1199 730 1278 siue
748 1198 813 1277 illa
832 1199 882 1277 sit
900 1202 990 1276 ante
1007 1221 1101 1292 nem,
1121 1195 1202 1275 siue
1220 1196 1260 1275 in
1279 1221 1338 1275 nes

202 1326 283 1403 siue
303 1326 478 1420 tessine
498 1333 583 1429 post
601 1353 695 1406 nem:
722 1334 838 1431 atque
865 1328 920 1407 ita
938 1328 1018 1406 siue
1036 1326 1076 1407 in
1095 1350 1222 1415 sensu,
1252 1326 1333 1404 siue

202 1452 241 1530 in
260 1451 470 1543 intellectu,
491 1451 531 1533 dn
560 1454 631 1534 hoe
659 1456 740 1534 siue
768 1455 947 1560 practico,
975 1455 1058 1534 siue
1085 1452 1333 1558 speculatiuo.

637 1706 811 1753 OONOEP'I'VS
829 1706 908 1752 XXX.

259 1911 368 1990 ideas
387 1911 513 1991 minus
533 1936 753 1992 communes
773 1913 812 1990 in
832 1911 925 1989 ideis
941 1908 1262 1989 communioribus
1276 1935 1337 2012 ge·

205 2044 359 2118 uenatus
378 2042 529 2144 quidam
545 2041 742 2137 collocant,
752 2066 797 2119 ae
812 2042 964 2120 tandem
980 2041 1149 2118 omnium
1163 2038 1334 2117 idearum

205 2189 347 2268 genera
365 2166 404 2244 in
423 2167 504 2270 ipso
519 2175 605 2247 ente
620 2169 755 2272 primu,
771 2168 870 2272 quod
889 2190 1078 2245 summum
1098 2165 1338 2269 intelligibile

206 2297 358 2388 vocant,
377 2295 525 2373 uniunt.
545 2296 606 2373 Tu
624 2297 776 2374 umbras
791 2297 960 2374 idearum
976 2294 1101 2372 minus
1117 2317 1336 2372 communes

207 2422 246 2497 in
266 2424 600 2504 communionibus:
621 2422 849 2504 &subiecta
868 2447 999 2502 eanum
1028 2421 1244 2500 extrinseca
1261 2421 1336 2499 mi·

207 2574 280 2628 nus
299 2553 530 2644 eommunia,
553 2553 590 2631 in
612 2553 893 2632 eontunioribus
920 2552 1105 2633 eolloeane
1133 2555 1335 2632 memento.
