3344 5124
763 370 803 389 -
826 329 886 402 1'12
904 363 945 392 ι-

281 466 334 548 lbi
356 467 522 550 exterior
540 472 729 577 significat
747 474 919 552 homines
947 475 1073 555 Media
1100 476 1274 582 proprias
1293 475 1415 558 actio·

281 620 361 674 nee.
380 594 543 676 Interior
562 621 653 676 vero
672 597 839 700 insignia
856 600 959 680 bunc
977 601 1018 680 in
1041 603 1211 683 modum.

369 855 401 921 A
426 852 544 939 Lycos
652 933 654 937 .
677 856 709 922 A
734 856 775 922 in
797 857 1010 925 conuiuium
1081 825 1123 927 Αι
1137 859 1352 928 cathenatus

372 982 403 1049 Β
424 982 622 1053 Deucalion
678 984 770 1052 Bia
795 967 931 1072 lapides
1080 990 1113 1055 B
1135 990 1283 1058 vittatus

264 1184 270 1201 ,
375 1111 405 1179 0
422 1111 549 1197 Apollo
677 1109 706 1178 0
726 1112 766 1178 in
788 1110 994 1199 Pythonem
1082 1113 1110 1184 0
1129 1115 1341 1184 Batttcotue

370 1239 403 1308 D
424 1240 548 1328 Argus
674 1240 707 1308 D
729 1244 768 1309 in
793 1241 894 1329 toute
916 1243 1049 1311 custod.
1084 1243 1113 1311 D
1135 1246 1340 1331 caputiatos

367 1371 402 1438 Ε
422 1374 539 1442 Arcus
673 1372 708 1439 Ε
729 1373 769 1439 in
798 1371 971 1442 Uatinium
1075 1375 1110 1443 Ε
1127 1381 1286 1462 perotus.

330 1613 473 1693 Similia
499 1614 546 1692 de
573 1613 657 1694 aliis
685 1619 767 1694 esto
795 1615 998 1711 institutio,
1027 1615 1229 1710 ordinatio,
1244 1612 1285 1696 ἃ
1312 1615 1415 1696 iudi·

277 1743 391 1819 cium.
410 1739 485 1819 Vbi
505 1764 598 1820 vero
619 1740 668 1819 ad
686 1742 789 1844 tertij
820 1740 996 1819 elementi
1025 1741 1343 1845 significationem
1365 1740 1418 1820 in·

274 1873 530 1949 strumentum
558 1868 696 1974 addere
724 1870 930 1972 contigerit
956 1868 1161 1976 (quamuis
1189 1869 1263 1948 hoc
1291 1869 1419 1948 minus

274 1996 514 2079 commodum
533 2021 616 2074 aeae
635 1994 781 2090 offerat,
801 1996 941 2075 accidit
959 1999 1060 2076 enim
1079 1997 1271 2077 actionem
1283 2020 1419 2102 appro-

273 2127 451 2231 priatam,
471 2124 533 2206 vel
552 2124 840 2231 contingentem
862 2150 941 2206 non
958 2126 1038 2231 pati
1057 2127 1098 2206 in
1117 2150 1236 2207 manu
1253 2125 1331 2207 tale
1351 2149 1417 2229 ap·

273 2253 464 2362 positum)
482 2254 606 2360 ipsum
634 2280 703 2358 pro
730 2254 1001 2334 commoditate
1028 2254 1262 2358 imaginetur
1288 2253 1417 2357 aliquo

272 2384 462 2466 adiectum
481 2385 543 2463 vel
560 2383 761 2487 alligatum
780 2383 841 2460 vel
860 2381 1103 2461 interiectum
1117 2387 1243 2486 pacto,
1260 2387 1303 2460 vt
1321 2405 1415 2484 ope·

274 2513 460 2591 rationem
480 2510 639 2604 Turbet,
668 2508 850 2605 Adiuuet,
871 2505 911 2586 a
930 2507 990 2585 vel
1018 2509 1258 2599 Abiiciatur,
1287 2507 1416 2586 Euer-

271 2646 389 2735 tatur,
419 2638 635 2732 Eximatur‚
663 2637 897 2731 Extricetur‚
918 2636 1151 2732 Euacuetur,
1170 2636 1291 2728 Rnat
1311 2636 1417 2714 loci-

270 2769 350 2864 dat,
378 2767 440 2847 vel
467 2766 748 2870 quomodolibet
774 2765 885 2843 aliter
913 2789 982 2867 pro
1010 2763 1135 2869 operis
1162 2763 1414 2868 congruentia

270 2923 311 2977 se
331 2898 472 2978 habere
500 2896 641 3002 possit:
671 2895 864 2976 Caeterum
893 2893 1242 2999 incomparabiliter
1268 2919 1414 2973 conue-

269 3022 437 3102 nientius
456 3027 516 3100 est
533 3018 738 3124 insignire:
758 3019 897 3122 quippe
918 3043 1007 3098 cum
1025 3017 1107 3097 sine
1137 3017 1215 3096 vlla
1243 3016 1410 3097 difficul-

267 3155 347 3230 tate
365 3150 531 3254 insignia
549 3151 696 3253 possint
713 3149 760 3227 ad
776 3174 907 3229 omnes
925 3148 1060 3228 referri
1080 3145 1120 3226 <lc
1140 3147 1337 3252 applicari.

807 3402 873 3479 Vl.

321 3652 506 3734 Consulto
536 3655 646 3759 plane
674 3656 872 3735 industriae
898 3662 977 3733 tuae
1006 3655 1245 3734 committere
1264 3653 1408 3756 placuit

266 3782 519 3863 inueniendas
538 3790 793 3887 congruentes
812 3783 996 3877 actiones
1016 3779 1056 3860 a
1076 3805 1232 3884 organa,
1252 3782 1335 3859 siue
1354 3780 1410 3858 in-

268 3907 409 4010 signia,
429 3909 531 3989 sicut
548 3910 648 3989 enim
663 3910 824 4015 singulis
839 3909 1050 4014 peculiares
1064 3908 1403 3987 determinatorum

267 4036 465 4118 hominum
492 4043 582 4117 sunt
609 4040 732 4144 magia
759 4045 862 4119 notae
889 4036 930 4120 ἃ
958 4038 1125 4119 celebres
1154 4033 1321 4141 effigies:
1350 4037 1404 4114 ita

266 4167 382 4246 etiam
401 4166 503 4273 (cum
524 4169 654 4247 trahat
671 4195 741 4249 sua
756 4195 943 4275 quemque
962 4165 1154 4275 voluptas)
1167 4168 1310 4248 habent
1329 4167 1404 4247 ain·

273 4293 353 4396 guli
372 4296 508 4399 quibua
527 4297 701 4400 operibus
720 4298 982 4377 instrumentis
1001 4295 1041 4377 <ln
1059 4295 1248 4398 insigniis,
1267 4295 1401 4374 sollici·
