3344 5124
323 901 433 990 Quod
453 902 500 982 ad
520 927 650 983 eorum
669 904 969 1009 magnitudinem
986 902 1162 982 attinent:
1178 899 1338 979 Adiecta
1356 923 1401 977 eo

270 1036 384 1134 pacto
404 1032 582 1111 conuenit
600 1032 780 1111 subiectis
809 1058 891 1111 esse
919 1036 1245 1111 commensurata:
1268 1032 1310 1105 ut
1337 1051 1403 1104 re·

269 1184 362 1237 uera
390 1159 471 1263 ipsa
490 1161 635 1238 suntin
657 1184 782 1237 rerum
802 1166 958 1255 natura,
977 1159 1115 1262 alioqui
1138 1156 1245 1235 facile
1265 1156 1400 1258 deper-

267 1284 520 1364 derantur&
550 1285 672 1363 visum
707 1285 917 1389 phantasiae
950 1291 1017 1364 aut
1051 1284 1304 1363 obtunderent
1333 1288 1401 1361 aut

266 1412 543 1516 disgregarent.
573 1414 858 1491 Diuturniorem
886 1414 989 1491 certe
1017 1411 1332 1516 perquisitionum
1359 1409 1400 1489 in

266 1539 393 1642 ampla
414 1540 551 1643 pagina
571 1539 884 1642 microgramma:
914 1533 1130 1642 requirit&
1149 1537 1252 1640 aegre
1271 1535 1401 1639 requi-

269 1665 386 1744 situm
406 1667 605 1769 reperitur.
626 1665 725 1743 Mola
744 1691 892 1769 quoque
912 1692 981 1744 sua
1001 1666 1114 1743 arbor
1142 1668 1306 1769 spatium
1336 1692 1401 1744 re-

266 1793 374 1897 plens
394 1800 461 1872 aut
480 1819 692 1897 exuperans
710 1818 788 1871 non
808 1793 930 1871 reddit
955 1817 1065 1870 suam
1084 1794 1324 1896 perspicuam
1350 1793 1398 1868 fi-

266 1906 414 2024 guram.
434 1920 512 1999 Pro
531 1921 577 1998 iis
597 1919 705 1996 valde
735 1919 841 1996 nobis
870 1919 1052 2021 probatur
1078 1917 1269 1996 artificum
1300 1943 1398 2021 quo·

267 2052 426 2128 rundam
446 2048 641 2143 industria,
663 2049 722 2125 vbi
756 2048 903 2124 modica
932 2048 1105 2152 quaedam
1131 2044 1171 2126 8:
1189 2048 1402 2151 phantasiae

265 2174 391 2255 visum
409 2173 724 2278 subterfugientia
741 2174 917 2252 subiectis
936 2198 1019 2252 sese
1035 2173 1210 2254 oderunti
1230 2173 1404 2256 adiicien-

268 2302 328 2380 da:
349 2302 456 2379 alteri
477 2301 663 2378 adiectiuo
683 2301 844 2378 formam
862 2301 967 2378 illam
986 2301 1183 2396 adiiciunt,
1209 2303 1268 2380 cui
1290 2303 1402 2379 adhe·

269 2456 352 2508 rere
371 2429 512 2508 assolet
531 2434 645 2532 atque
660 2429 1088 2508 concomitari.Adleret
1103 2429 1154 2507 illi
1173 2430 1403 2534 Sagittarius

271 2560 461 2662 sagittam,
478 2559 640 2662 scriptor
655 2560 856 2652 calamum,
872 2560 988 2636 Sutor
1003 2583 1125 2638 acum.
1143 2559 1264 2636 Tanta
1280 2559 1402 2636 virtus

272 2692 329 2764 est
348 2688 387 2765 in
416 2687 662 2780 connexione,
682 2688 904 2781 adnexione,
924 2688 1197 2783 antecedentia,
1218 2688 1402 2766 concomi-

272 2816 394 2894 tantia
422 2812 462 2893 du
482 2816 762 2919 consequentia:
784 2823 826 2894 vt
844 2817 1050 2894 inuisibilia
1068 2816 1208 2895 saciant
1228 2817 1401 2910 visibilia,

271 2942 523 3045 intelligibilia
551 2970 619 3046 per
647 2945 865 3021 uniuersum
894 2944 1101 3039 sensibilia,
1122 2942 1286 3020 difficilis
1316 2968 1405 3046 quo·

274 3096 345 3177 que
364 3096 497 3150 sensus
518 3073 626 3150 facile
646 3073 869 3175 persentita.

791 3340 878 3421 VII.

324 3582 431 3669 Quod
450 3584 497 3661 ad
517 3585 740 3691 qualitatem
754 3588 913 3667 attinet:
934 3588 1009 3666 sint
1028 3586 1202 3682 illustria,
1223 3587 1301 3667 sint
1317 3613 1400 3692 queo

268 3710 593 3812 imaginationem,
614 3715 955 3819 cogitationemque
973 3716 1124 3820 pulsare
1147 3717 1312 3810 valeant,
1334 3722 1398 3794 vt·

270 3840 358 3942 pote
386 3864 470 3942 quac
497 3842 637 3946 aliquid
666 3845 954 3942 admirandum,
992 3848 1226 3941 timendum,
1264 3848 1399 3925 iucun-

271 3971 373 4061 dum,
394 3970 513 4063 triste,
534 3973 709 4068 amicum,
739 3974 945 4065 inimicum,
975 3976 1237 4064 abolninabile,
1258 3976 1397 4077 proba-

272 4095 360 4185 bile,
381 4096 658 4192 admirandum,
689 4101 956 4203 prodigiosum,
977 4104 1021 4178 de
1042 4128 1114 4205 quo
1145 4105 1194 4180 sit
1213 4130 1310 4205 spon,
1342 4102 1400 4178 vel

271 4226 451 4327 suspicio,
467 4224 506 4305 ab
527 4231 678 4307 cumino
700 4230 797 4332 quod
819 4232 854 4306 in
876 4231 1028 4307 intimos
1048 4229 1205 4308 affectus
1225 4237 1401 4332 potenter

272 4352 483 4458 irrumpat:
513 4384 642 4436 secum
670 4358 842 4437 afferant.
877 4361 975 4438 llinc
1003 4368 1138 4438 caueto
1171 4385 1219 4437 ne
1249 4361 1402 4438 aberres
