3344 5124
748 386 908 449 ..33-

274 531 397 610 tinum
425 530 648 623 subiectum,
676 525 885 604 formaliter
912 537 1040 606 autom
1061 553 1128 630 per
1145 526 1396 621 adiectiuum,

270 683 356 762 quae
387 657 571 760 recipiunt
589 657 628 732 in
647 680 688 733 sc
705 655 798 757 ipsis
816 655 1032 751 alterantia,
1052 656 1337 758 transponentia
1355 652 1396 734 dc

269 785 537 865 uniuersaliter
556 783 873 861 diuersificantia:
903 781 1131 887 Analogiam
1158 784 1258 861 enirn
1278 808 1396 887 quan·

269 916 355 994 dam
374 914 584 993 admittunt
602 910 902 1016 methaphysica‚
921 907 961 989 dr
979 911 1114 1014 logica,
1135 911 1311 1017 physica:
1331 937 1400 990 seu

266 1048 356 1122 anto
375 1041 578 1134 naturalia,
598 1040 809 1136 naturalia,
829 1037 869 1119 da
890 1040 1104 1119 rationalia.
1124 1039 1231 1118 Sicut
1248 1063 1397 1133 verum,

265 1170 405 1273 imago,
425 1167 465 1249 dr
484 1171 630 1248 vmbra.
652 1168 842 1249 Caeterum
861 1171 946 1249 idea
964 1171 1003 1248 in
1021 1173 1146 1248 mente
1165 1169 1308 1263 diuina,
1337 1173 1399 1248 est

266 1296 305 1375 in
325 1301 413 1375 actu
429 1301 509 1375 toto
528 1296 640 1375 simul
655 1303 704 1388 te,
720 1296 843 1374 vnioo.
854 1297 895 1375 In
912 1297 1173 1400 intelligentiis
1191 1303 1285 1375 sunt
1301 1297 1398 1376 ideae

266 1421 434 1500 discretis
454 1423 613 1501 actibus.
625 1422 668 1498 Iu
688 1421 796 1517 coelo,
812 1422 850 1500 in
871 1423 1039 1526 potentia
1054 1424 1182 1501 actiua
1199 1423 1397 1527 multiplici

267 1544 308 1626 da
327 1550 551 1626 successiue.
573 1548 614 1625 ln
633 1553 770 1626 natura
786 1573 853 1651 per
871 1550 1020 1652 vestigii
1037 1549 1189 1627 modum
1209 1551 1315 1654 quasi
1331 1575 1399 1654 per

269 1674 564 1778 impressionem.
594 1675 637 1752 In
657 1675 889 1770 intentione,
909 1673 949 1754 dc
978 1676 1126 1754 ratione
1159 1701 1226 1779 per
1254 1678 1399 1755 umbrae

267 1805 432 1884 modum.

319 1933 440 2011 Adest
459 1932 678 2034 paradigma
700 1932 824 2027 vnius,
844 1933 938 2011 idoae
957 1941 1045 2012 actu
1073 1933 1243 2011 infinitas
1262 1912 1397 2012 'rerum

267 2057 500 2137 differentias
518 2059 705 2153 habentis,
725 2056 765 2137 dr
784 2059 895 2137 vuius
915 2062 1058 2138 umbrae
1077 2061 1113 2137 in
1140 2061 1319 2139 facultate
1346 2063 1400 2138 in·

269 2186 462 2265 finitarum
483 2186 790 2266 differentiarum.
812 2188 930 2266 Linea
943 2190 1012 2265 ΑΒ
1028 2189 1154 2268 iacens
1174 2189 1312 2268 lineam
1332 2189 1398 2269 CD

267 2317 626 2423 perpendiculariter
664 2319 859 2396 cadentem
889 2316 928 2396 dr
956 2320 1050 2396 duos
1086 2323 1211 2396 rectos
1239 2317 1401 2423 angulos

269 2449 562 2527 constituentem
583 2447 737 2552 excipit.
757 2448 836 2526 Iam
857 2448 887 2526 si
909 2447 1007 2526 linea
1027 2449 1167 2525 cadens
1195 2446 1401 2525 inclinetur

268 2603 406 2657 versus
426 2579 471 2654 B:
492 2578 621 2655 reddet
641 2577 825 2680 angulum
855 2583 1008 2656 acutum
1028 2603 1075 2655 ex
1094 2602 1170 2654 vna
1189 2581 1322 2680 parte,
1352 2603 1399 2653 ex

269 2706 390 2784 altera
409 2731 500 2783 vero
520 2707 708 2783 obtusum.
728 2705 854 2807 Magis
874 2708 986 2806 atque
999 2703 1126 2808 magis
1155 2702 1337 2781 inclinata
1355 2705 1394 2781 in

269 2832 322 2921 1²,
342 2832 394 2928 G,
413 2834 467 2927 H,
487 2833 524 2927 Ι,
540 2832 599 2928 Κ,
630 2829 669 2910 dr
689 2831 742 2909 ita
770 2832 966 2934 deinceps3
995 2833 1164 2925 obtusos,
1192 2832 1399 2933 acutosque

269 2959 392 3063 magis
411 2960 502 3037 hino
520 2961 606 3037 inde
624 2957 727 3035 dabit
746 2958 916 3061 angulos.

604 3933 1041 3948 ’.ῳ-...ψῃ

330 4239 387 4317 Ita
407 4244 512 4343 patet
529 4238 714 4342 quomodo
733 4238 771 4316 in
793 4236 972 4317 facultate
983 4240 1305 4320 duarumillarum
1325 4263 1402 4317 reo

275 4373 402 4446 tarum
422 4366 626 4460 linearum;
647 4365 724 4444 sint
743 4366 900 4443 infinitae
918 4373 1136 4463 acutorum,
1166 4371 1405 4448 obtusorum·
