3344 5124
759 397 919 455 ..Π-

670 676 739 755 DE
755 674 1005 754 ADIECTIS.

823 935 852 1011 Ι.

327 1197 526 1275 Adiectum
547 1224 638 1274 vcro
671 1223 737 1276 seu
758 1198 878 1275 sorma
898 1197 938 1273 in
959 1221 1097 1297 genere
1122 1196 1193 1271 isto
1222 1193 1401 1270 definitur

273 1325 442 1402 subiecto
460 1327 541 1400 siue
561 1326 731 1428 physico,
752 1326 834 1401 siue
853 1323 1039 1413 technico‚
1059 1322 1142 1398 siue
1165 1319 1403 1423 phantastico

274 1454 500 1556 appositum,
521 1452 568 1530 ad
587 1453 725 1556 aliquid
746 1479 814 1556 per
832 1452 1009 1529 solertem
1029 1449 1269 1551 cogitationis
1288 1474 1399 1550 appa·

272 1586 411 1674 ratum,
432 1581 694 1684 presentando,
714 1579 925 1683 effigiendo,
936 1579 1113 1665 notando,
1124 1577 1183 1653 vel
1203 1576 1402 1654 indicando

271 1712 319 1789 ad
356 1712 515 1812 picturae
546 1710 819 1813 scripturaeque
847 1705 1154 1796 similitudinem3
1193 1703 1402 1805 exprimen-

270 1839 360 1916 dum
393 1837 453 1915 vel
487 1837 790 1938 significandum.
825 1836 919 1920 Quae
954 1834 1049 1910 ratio
1084 1830 1238 1934 respicit
1256 1829 1396 1906 formas

273 1991 519 2054 communes,
553 1967 600 2042 ab
619 1966 845 2067 antiquitate
877 1965 924 2040 ad
944 1971 1075 2040 nostra
1095 1985 1212 2064 vsque
1231 1967 1401 2062 tempora

275 2093 452 2196 dilapsas.
470 2094 609 2171 Forma
629 2119 720 2171 vero
754 2099 796 2169 vt
814 2120 861 2170 cx
882 2094 1069 2170 raticibus
1103 2092 1232 2170 Clanis
1251 2116 1401 2191 magna.

274 2221 446 2299 elicitur:
467 2226 526 2300 est
545 2223 789 2325 depromptus
808 2220 848 2299 <tr
867 2222 1078 2324 explicatus
1098 2224 1193 2299 ordo
1221 2218 1402 2322 cogitabi·

271 2348 361 2426 lium
383 2345 604 2451 specierum,
626 2349 664 2424 in
684 2353 845 2440 statuas,
874 2349 933 2425 vel
957 2348 1245 2441 microcosmon,
1276 2348 1335 2424 rel
1364 2348 1401 2422 iu

270 2478 381 2553 aliam
403 2477 629 2579 generaliter
648 2477 945 2554 architecturam
966 2476 1199 2578 dispositum
1220 2477 1266 2554 ad
1288 2476 1403 2578 quoli-

272 2607 336 2683 bet
368 2605 518 2683 dicibile
551 2606 707 2682 interius
740 2605 978 2696 notandum,
1007 2603 1065 2681 vel
1087 2605 1326 2706 figurandum
1356 2630 1402 2680 ex

270 2733 385 2809 ductu
404 2732 632 2835 phantastici
653 2732 781 2825 cbaos,
811 2731 1163 2833 methamorplroses
1191 2757 1320 2809 omnes
1340 2733 1400 2808 ad·

270 2860 469 2938 mittentis.
491 2859 608 2938 Cuius
642 2862 791 2962 'lypum
812 2885 887 2936 non
908 2866 1087 2963 tanquam
1115 2860 1177 2936 bic
1208 2861 1396 2937 declaran-

271 2988 373 3065 dum:
397 2989 461 3066 scd
484 2996 525 3065 ut
544 2986 583 3065 (b
603 2988 664 3065 liic
683 2988 958 3089 iuspiciendum
979 2988 1213 3090 apponimus.

632 3245 826 3322 FIGVRA
854 3245 1035 3322 PRIMA.

819 3499 866 3576 ΙΙ.

320 3757 388 3832 nst
407 3757 457 3832 ibi
479 3757 594 3834 chaos
613 3759 651 3834 iu
681 3763 746 3834 tua
767 3757 996 3859 primordiali
1027 3764 1161 3834 natura
1196 3758 1394 3835 elomento-

267 3908 351 3961 rum
376 3881 414 3962 Su
439 3909 682 3963 numerorum
699 3886 882 3979 ordinem,
903 3889 1016 3987 atque
1036 3887 1170 3963 seriem
1188 3911 1259 3963 non
1278 3886 1400 3963 exclu-

267 4011 379 4105 dens,
410 4037 496 4090 cum
520 4039 595 4091 non
615 4014 736 4091 solum
754 4014 881 4118 ipsum
898 4014 1057 4092 informe
1072 4013 1267 4093 formabile
1285 4039 1400 4117 opor·

266 4144 325 4218 tot
344 4139 581 4242 intelligere,
601 4168 733 4220 verum
762 4158 911 4245 'quoque
945 4148 987 4221 vt
1010 4144 1179 4220 ordinate
1204 4143 1398 4220 formabile

268 4270 464 4373 concipere
479 4296 635 4349 necesso
651 4276 720 4348 est.
736 4271 807 4348 Itst
823 4277 864 4347 vt
881 4271 985 4348 vides
999 4271 1159 4348 diuersis
1175 4270 1395 4347 distinctum

269 4396 475 4476 interuallis
503 4400 542 4477 in
571 4424 610 4475 se
629 4396 780 4502 suisque
800 4397 1033 4500 portionibus
1054 4398 1151 4477 omni
1173 4396 1394 4476 formalibus
