3344 5124
780 392 960 460 ..122-

288 564 363 645 quo
391 539 610 619 adsistentis
636 543 728 620 sunt
754 541 942 635 ordinata3
973 538 1218 644 ordinateque
1247 538 1416 645 quinque

287 669 576 748 subsistentibus
586 666 942 754 informantur.Quo
952 668 1064 758 sarto,
1074 667 1122 745 ad
1132 668 1410 749 ordinationem

282 798 418 878 horum
449 798 507 877 vel
536 797 697 878 aliorum
724 797 781 904 (si
800 798 1034 878 decentiores
1052 797 1249 893 habueris)
1278 798 1408 879 subsi-

279 924 462 1005 stentium
479 924 644 1029 partium
665 920 863 1004 &artium
889 923 948 1030 (rt
974 923 1065 1028 ipsis
1093 925 1315 1022 adhaereant
1342 949 1410 1030 par

182 1154 187 1162 Ι
278 1050 445 1131 artiones
465 1047 505 1130 da
524 1051 564 1130 in
579 1056 681 1129 artes
699 1047 1011 1154 denominabiles)
1030 1049 1202 1144 reduces,
1221 1049 1283 1130 vel
1300 1055 1408 1131 noto·

273 1203 363 1259 rum
382 1179 450 1258 tibi
468 1179 622 1258 nomina
645 1177 734 1259 hoio
762 1179 825 1283 qui
854 1178 1026 1284 seqnitur
1053 1179 1175 1258 ordini
1202 1178 1225 1258 ό
1252 1178 1409 1284 regione

275 1305 509 1410 apponenda
538 1302 599 1383 vel
627 1304 737 1383 aliter
750 1313 799 1383 -vt
817 1304 885 1384 tibi
904 1305 1136 1384 commodius
1154 1304 1282 1400 fuerit,
1301 1307 1326 1385 a
1345 1329 1407 1384 no·

275 1432 332 1511 bis
351 1432 531 1537 appositis
550 1433 794 1537 disponendo,
815 1431 898 1509 aliis
916 1433 1152 1535 quorundam
1171 1433 1254 1511 loeo
1283 1457 1409 1512 suoue-

276 1561 455 1643 dentibus
468 1567 592 1656 vteus,
607 1561 789 1640 incertam
805 1561 942 1638 seriem
957 1560 1251 1639 redueendozita
1264 1564 1307 1639 vt
1321 1585 1408 1641 aum

274 1690 459 1770 relatione
487 1690 535 1770 ad
554 1692 705 1769 easdem
724 1688 783 1768 vel
804 1690 897 1768 alias
924 1690 1244 1785 circumstantias,
1273 1691 1406 1770 eadem

276 1818 340 1901 vei
358 1818 434 1900 alia
451 1820 631 1925 insignia,
650 1816 691 1899 dr
710 1820 930 1900 adsistentis
948 1820 1145 1923 reeipiant.

716 2095 867 2201 ‚vu
1019 2038 1022 2043 ⁶

325 2348 514 2431 Confioies
524 2350 699 2455 igiturad
710 2350 997 2431 similitudinem
1007 2353 1125 2431 trium
1135 2350 1405 2455 praedictarum

272 2481 457 2557 rotarum:
473 2478 638 2583 quinque
653 2483 756 2558 rotas
771 2480 880 2575 fixas,
894 2505 1057 2584 quarum
1072 2480 1236 2586 singulae
1250 2485 1404 2561 centum

270 2601 311 2686 a
326 2607 601 2711 quinquaginta
625 2613 797 2686 constent
825 2609 1165 2688 combinationibus
1194 2608 1398 2688 elemento·

268 2758 355 2813 rum
371 2733 545 2812 duorum.
565 2733 736 2820 Quorum
756 2736 922 2815 exterior
942 2741 1056 2840 atque
1076 2737 1199 2841 prima
1215 2736 1404 2841 significet

268 2865 428 2965 agentes
454 2863 525 2942 sub
554 2862 795 2941 inuentorurn
823 2863 991 2943 nomine.
1021 2863 1196 2942 Secunda
1221 2863 1402 2943 artiones.

267 2991 397 3070 Tertia
414 2991 591 3097 insignia.
609 2989 755 3077 Quarta
774 2990 977 3070 adstantia.
997 2988 1140 3078 Quinta
1155 2991 1400 3070 circumstan-

267 3118 353 3198 tias.
373 3118 625 3198 Addneuutur
643 3124 771 3199 autem
791 3119 874 3196 haar
892 3117 1016 3221 ipsum
1034 3118 1074 3195 in
1092 3118 1247 3197 modum
1263 3121 1305 3195 vt
1319 3118 1399 3222 qni-

270 3245 343 3323 bus
361 3243 471 3324 iuxta
498 3269 613 3324 vnam
640 3245 905 3349 propriamque
933 3269 1009 3322 non
1038 3244 1262 3323 inseruiunt·
1292 3243 1401 3323 iuxta

265 3369 380 3452 aliam
407 3395 517 3476 opem
535 3371 709 3450 adierant
737 3369 990 3450 vniuersalem
1008 3371 1208 3449 rationem.
1288 3480 1290 3483 Ι
