3344 5124
759 347 943 411 -116-

410 620 460 687 Dc
482 622 600 690 altero
623 622 796 690 similitor
819 642 867 691 ecc
892 625 1009 694 tribus
1031 627 1211 694 elementis
1234 627 1307 694 olio

570 753 748 822 ordinetis
770 755 872 821 modo
888 756 1138 842 procontanda

722 883 986 968 compositione.

824 1151 873 1231 V.

336 1407 408 1486 Est
426 1404 467 1487 o
485 1407 583 1486 alter
600 1408 734 1486 modus
754 1432 828 1513 quo
848 1409 1026 1510 quartum
1046 1406 1275 1485 elementum
1300 1407 1414 1486 tertio

280 1559 397 1637 super
418 1535 588 1629 additur3
609 1537 744 1639 nempe
769 1560 804 1613 u.
833 1560 870 1613 a.
901 1531 941 1613 dc
968 1560 1005 1612 u.
1033 1536 1288 1614 mediantibus
1316 1535 1415 1614 inter

280 1661 507 1742 elementum
525 1664 712 1743 adsistens
731 1661 771 1742 dr
790 1663 999 1741 subsistens
1022 1672 1062 1740 vt
1081 1664 1119 1741 in
1136 1667 1259 1767 prima
1276 1665 1415 1744 cumbi·

277 1790 431 1870 natione
440 1791 555 1870 huius
570 1794 803 1896 compositis
818 1818 845 1871 a
859 1819 883 1870 v
897 1816 922 1868 u
937 1817 958 1872 o
971 1819 996 1871 r
1011 1817 1041 1871 s.
1062 1793 1101 1871 iu
1117 1793 1285 1871 secunda
1299 1793 1416 1872 huius

278 1919 476 2023 compositi
503 1945 556 1999 ΙΝ
570 1945 592 2000 c
605 1946 631 1999 a
645 1947 670 1999 a
684 1945 702 1999 s
716 1945 735 1999 s
750 1948 774 1998 s
788 1947 811 1999 r
827 1947 851 1998 v
866 1945 897 1999 s.
926 1923 971 1999 In
1000 1923 1113 1999 tertia
1132 1921 1245 1998 huius
1265 1946 1415 2025 compo·

276 2044 338 2123 siti
367 2070 706 2127 rnauaouvs
735 2049 793 2126 Ad
824 2073 986 2150 quorum
1015 2049 1290 2126 elementorum
1320 2073 1415 2149 prae·

277 2173 439 2251 sentiam
454 2179 568 2278 atque
585 2173 712 2253 locum
728 2175 1010 2269 denotandum;
1030 2174 1179 2276 aliquos
1195 2199 1236 2251 se
1251 2173 1416 2252 habendi

176 2342 181 2351 ·
275 2300 424 2391 modos,
444 2302 503 2379 vel
521 2302 729 2380 accidentia
747 2300 942 2381 sensibilia
969 2302 1009 2379 in
1039 2302 1222 2396 subiecto,
1242 2301 1304 2380 vel
1325 2325 1414 2380 cum

275 2429 458 2523 subiecto,
488 2429 548 2508 vel
576 2429 624 2509 ad
651 2431 864 2509 subiectum
893 2430 1035 2534 poteris
1054 2430 1257 2508 destinare.
1279 2430 1338 2509 Ad
1359 2430 1415 2532 ip-

274 2578 360 2634 sum
389 2554 482 2633 mihi
510 2556 682 2634 conferre
710 2556 855 2635 solebat
884 2555 1070 2634 rationale
1097 2556 1288 2635 adiectum
1308 2555 1408 2657 quod

276 2680 337 2760 vol
356 2683 492 2760 sedens
511 2683 680 2777 tertium,
700 2682 759 2760 vel
786 2684 940 2762 iunixus
969 2683 1194 2777 seeundum,
1224 2683 1286 2761 vel
1304 2691 1410 2761 stans

275 2808 440 2911 primum
459 2808 759 2913 adsignificabat.
776 2808 886 2894 Quod
906 2813 938 2888 si
956 2811 1033 2888 alia
1061 2810 1249 2899 elementa
1268 2816 1410 2913 praeter

180 2951 183 2959 '
273 2935 356 3013 haec
385 2960 426 3013 se
454 2937 672 3031 obtulerint,
702 2939 800 3040 quod
829 2939 895 3015 vix
924 2940 1024 3040 apud
1053 2938 1209 3014 Latinos
1239 2936 1408 3031 Graecos,

277 3063 472 3158 Hebraeos,
493 3064 691 3159 Chaldaea,
711 3066 864 3157 Persas,
885 3067 1014 3159 ltaloa
1034 3066 1194 3158 Arabes,
1215 3061 1255 3143 dc
1275 3066 1410 3168 Hispa·

275 3214 357 3287 nos,
377 3192 546 3270 accidere
575 3198 719 3294 potest:
748 3192 823 3270 hau
851 3193 936 3272 luce
963 3219 1039 3296 qua
1058 3192 1165 3270 vides
1186 3217 1256 3269 nos
1275 3195 1411 3271 subue-

270 3320 372 3397 nisse
390 3321 617 3425 presignatis
638 3322 782 3400 tribue:
801 3323 950 3401 caeteris
969 3321 1053 3399 aliis
1072 3321 1282 3423 prouideto.

324 3444 431 3530 Quod
461 3474 552 3526 vero
581 3451 627 3526 ad
659 3448 790 3527 Gallos
818 3450 957 3526 attinet
983 3448 1058 3553 (de
1078 3446 1282 3524 Germanis
1303 3447 1404 3524 euim

271 3575 408 3653 Gothis
428 3576 580 3680 Scythis
600 3574 690 3656 &io
711 3602 832 3681 genus
852 3575 938 3653 aliis
957 3575 1027 3678 ipsi
1045 3572 1229 3677 viderint)
1243 3577 1305 3676 qui
1328 3600 1403 3651 non

269 3728 317 3781 ex
345 3703 534 3783 idiomatis
562 3706 801 3799 rusticitate,
830 3705 896 3782 scd
924 3703 1052 3781 nescio
1080 3727 1155 3805 quo
1184 3728 1256 3779 vsu
1275 3705 1400 3805 qualus

268 3832 538 3910 consuetudine
554 3834 599 3909 ad
620 3833 823 3910 discrimen
841 3831 992 3935 aliquod
1007 3831 1277 3910 insinuandum
1293 3834 1403 3934 quic-

268 3960 411 4037 sceutia
438 3962 612 4063 quaedam
640 3962 846 4038 admittunt
875 3959 1088 4039 elementa:
1118 3984 1194 4035 non
1223 3962 1402 4061 estquod

266 4083 333 4162 tibi
353 4090 551 4191 negocium
582 4089 763 4167 facessat:
792 4094 934 4165 manet.
963 4112 1001 4165 n.
1030 4087 1112 4164 sine
1144 4087 1399 4188 superadditis

266 4212 340 4290 illis
359 4215 509 4318 integra
528 4216 574 4293 ad
594 4217 648 4294 rei
665 4215 900 4318 proferendae
914 4215 1179 4294 necessitatem
1194 4216 1394 4317 scriptura.

266 4340 365 4419 Hinc
386 4367 460 4422 uon
480 4343 620 4423 desunt
638 4345 738 4423 inter
766 4342 849 4421 illos
869 4345 1024 4422 minime
1042 4369 1117 4422 non
1145 4344 1273 4446 grauis
1299 4345 1402 4446 inge·
