<?xml version="1.0" encoding="UTF-8"?>
<!DOCTYPE html PUBLIC "-//W3C//DTD XHTML 1.0 Transitional//EN"
    "http://www.w3.org/TR/xhtml1/DTD/xhtml1-transitional.dtd">
<html xmlns="http://www.w3.org/1999/xhtml" xml:lang="en" lang="en">
 <head>
  <title>
</title>
<meta http-equiv="Content-Type" content="text/html;charset=utf-8" />
  <meta name='ocr-system' content='tesseract 3.04.00' />
  <meta name='ocr-capabilities' content='ocr_page ocr_carea ocr_par ocr_line ocrx_word'/>
</head>
<body>
  <div class='ocr_page' id='page_1' title='image "./jordanibruninol06brungoog_0221.png"; bbox 0 0 3344 5124; ppageno 0'>
   <div class='ocr_carea' id='block_1_1' title="bbox 741 448 921 509">
    <p class='ocr_par' dir='ltr' id='par_1_1' title="bbox 741 448 921 509">
     <span class='ocr_line' id='line_1_1' title="bbox 741 448 921 509; baseline 0.006 -1"><span class='ocrx_word' id='word_1_1' title='bbox 741 448 921 509; x_wconf 83' lang='lat'>-212-</span> 
     </span>
    </p>
   </div>
   <div class='ocr_carea' id='block_1_2' title="bbox 264 593 1517 4528">
    <p class='ocr_par' dir='ltr' id='par_1_2' title="bbox 265 593 1517 2232">
     <span class='ocr_line' id='line_1_2' title="bbox 267 593 1419 702; baseline 0.005 -31"><span class='ocrx_word' id='word_1_2' title='bbox 267 598 385 674; x_wconf 88' lang='lat' dir='ltr'><strong>tatem</strong></span> <span class='ocrx_word' id='word_1_3' title='bbox 405 595 555 674; x_wconf 86' lang='lat' dir='ltr'><strong>valeam</strong></span> <span class='ocrx_word' id='word_1_4' title='bbox 574 593 778 698; x_wconf 81' lang='lat' dir='ltr'><strong>(quatenus</strong></span> <span class='ocrx_word' id='word_1_5' title='bbox 797 620 866 698; x_wconf 89' lang='lat' dir='ltr'><strong>per</strong></span> <span class='ocrx_word' id='word_1_6' title='bbox 884 599 1005 673; x_wconf 90' lang='lat' dir='ltr'><strong>artem</strong></span> <span class='ocrx_word' id='word_1_7' title='bbox 1028 595 1110 672; x_wconf 86' lang='lat' dir='ltr'><strong>fieri</strong></span> <span class='ocrx_word' id='word_1_8' title='bbox 1139 619 1248 698; x_wconf 89' lang='lat' dir='ltr'><strong>posse</strong></span> <span class='ocrx_word' id='word_1_9' title='bbox 1275 596 1419 702; x_wconf 85' lang='lat' dir='ltr'><strong>audio)</strong></span> 
     </span>
     <span class='ocr_line' id='line_1_3' title="bbox 266 720 1418 827; baseline 0.005 -27"><span class='ocrx_word' id='word_1_10' title='bbox 266 722 397 800; x_wconf 89' lang='lat' dir='ltr'><strong>eodem</strong></span> <span class='ocrx_word' id='word_1_11' title='bbox 418 747 492 827; x_wconf 93' lang='lat' dir='ltr'><strong>quo</strong></span> <span class='ocrx_word' id='word_1_12' title='bbox 511 728 621 825; x_wconf 89' lang='lat' dir='ltr'><strong>parta</strong></span> <span class='ocrx_word' id='word_1_13' title='bbox 640 721 712 799; x_wconf 89' lang='lat' dir='ltr'><strong>fuit</strong></span> <span class='ocrx_word' id='word_1_14' title='bbox 729 720 875 815; x_wconf 86' lang='lat' dir='ltr'>ordine,</span> <span class='ocrx_word' id='word_1_15' title='bbox 893 722 1035 826; x_wconf 88' lang='lat' dir='ltr'><strong>absque</strong></span> <span class='ocrx_word' id='word_1_16' title='bbox 1054 723 1198 827; x_wconf 83' lang='lat' dir='ltr'><strong>negocij</strong></span> <span class='ocrx_word' id='word_1_17' title='bbox 1214 725 1418 806; x_wconf 80' lang='lat' dir='ltr'><strong>arduitate</strong></span> 
     </span>
     <span class='ocr_line' id='line_1_4' title="bbox 266 846 1417 956; baseline 0.006 -32"><span class='ocrx_word' id='word_1_18' title='bbox 266 848 488 926; x_wconf 78' lang='lat' dir='ltr'><strong>memoriter</strong></span> <span class='ocrx_word' id='word_1_19' title='bbox 508 848 623 925; x_wconf 88' lang='lat' dir='ltr'><strong>fixam</strong></span> <span class='ocrx_word' id='word_1_20' title='bbox 646 848 824 924; x_wconf 88' lang='lat' dir='ltr'><strong>retinere.</strong></span> <span class='ocrx_word' id='word_1_21' title='bbox 847 848 975 949; x_wconf 85' lang='lat' dir='ltr'><strong>Ipsum</strong></span> <span class='ocrx_word' id='word_1_22' title='bbox 996 849 1098 926; x_wconf 89' lang='lat' dir='ltr'><strong>enim</strong></span> <span class='ocrx_word' id='word_1_23' title='bbox 1119 846 1159 929; x_wconf 77' lang='lat' dir='ltr'><strong>dn</strong></span> <span class='ocrx_word' id='word_1_24' title='bbox 1181 875 1245 956; x_wconf 88' lang='lat' dir='ltr'><strong>per</strong></span> <span class='ocrx_word' id='word_1_25' title='bbox 1264 850 1417 932; x_wconf 91' lang='lat' dir='ltr'><strong>laboris</strong></span> 
     </span>
     <span class='ocr_line' id='line_1_5' title="bbox 267 970 1414 1080; baseline 0.007 -30"><span class='ocrx_word' id='word_1_26' title='bbox 267 973 545 1076; x_wconf 81' lang='lat' dir='ltr'><strong>impatientiam</strong></span> <span class='ocrx_word' id='word_1_27' title='bbox 566 970 795 1076; x_wconf 81' lang='lat' dir='ltr'><strong>labilquue</strong></span> <span class='ocrx_word' id='word_1_28' title='bbox 810 971 913 1077; x_wconf 85' lang='lat' dir='ltr'><strong>(quae</strong></span> <span class='ocrx_word' id='word_1_29' title='bbox 933 977 957 1052; x_wconf 79' lang='lat' dir='ltr'><strong>d</strong></span> <span class='ocrx_word' id='word_1_30' title='bbox 976 979 1116 1053; x_wconf 85' lang='lat' dir='ltr'><strong>natura</strong></span> <span class='ocrx_word' id='word_1_31' title='bbox 1131 975 1203 1080; x_wconf 87' lang='lat' dir='ltr'><strong>est)</strong></span> <span class='ocrx_word' id='word_1_32' title='bbox 1217 977 1414 1057; x_wconf 88' lang='lat' dir='ltr'><strong>retinendi</strong></span> 
     </span>
     <span class='ocr_line' id='line_1_6' title="bbox 267 1103 1415 1209; baseline 0.006 -29"><span class='ocrx_word' id='word_1_33' title='bbox 267 1103 501 1198; x_wconf 82' lang='lat' dir='ltr'><strong>facultatem,</strong></span> <span class='ocrx_word' id='word_1_34' title='bbox 521 1103 661 1209; x_wconf 89' lang='lat' dir='ltr'><strong>alioqui</strong></span> <span class='ocrx_word' id='word_1_35' title='bbox 687 1127 748 1182; x_wconf 92' lang='lat' dir='ltr'><strong>me</strong></span> <span class='ocrx_word' id='word_1_36' title='bbox 767 1103 893 1182; x_wconf 87' lang='lat' dir='ltr'><strong>facere</strong></span> <span class='ocrx_word' id='word_1_37' title='bbox 921 1129 1032 1208; x_wconf 91' lang='lat' dir='ltr'><strong>posse</strong></span> <span class='ocrx_word' id='word_1_38' title='bbox 1060 1103 1200 1184; x_wconf 84' lang='lat' dir='ltr'><strong>diffido.</strong></span> <span class='ocrx_word' id='word_1_39' title='bbox 1220 1106 1348 1186; x_wconf 82' lang='lat' dir='ltr'><strong>Audio</strong></span> <span class='ocrx_word' id='word_1_40' title='bbox 1371 1114 1415 1188; x_wconf 90' lang='lat' dir='ltr'><strong>te</strong></span> 
     </span>
     <span class='ocr_line' id='line_1_7' title="bbox 267 1230 1415 1340; baseline 0.004 -31"><span class='ocrx_word' id='word_1_41' title='bbox 267 1254 318 1309; x_wconf 88' lang='lat' dir='ltr'><strong>ex</strong></span> <span class='ocrx_word' id='word_1_42' title='bbox 337 1231 491 1310; x_wconf 90' lang='lat' dir='ltr'><strong>Iordani</strong></span> <span class='ocrx_word' id='word_1_43' title='bbox 513 1231 679 1310; x_wconf 86' lang='lat' dir='ltr'><strong>inuentis</strong></span> <span class='ocrx_word' id='word_1_44' title='bbox 702 1230 803 1309; x_wconf 89' lang='lat' dir='ltr'><strong>haud</strong></span> <span class='ocrx_word' id='word_1_45' title='bbox 823 1231 1058 1310; x_wconf 88' lang='lat' dir='ltr'><strong>istrionicam</strong></span> <span class='ocrx_word' id='word_1_46' title='bbox 1079 1235 1284 1336; x_wconf 90' lang='lat' dir='ltr'><strong>quandam,</strong></span> <span class='ocrx_word' id='word_1_47' title='bbox 1315 1260 1415 1340; x_wconf 89' lang='lat' dir='ltr'><strong>qua·</strong></span> 
     </span>
     <span class='ocr_line' id='line_1_8' title="bbox 269 1358 1415 1465; baseline 0.003 -26"><span class='ocrx_word' id='word_1_48' title='bbox 269 1360 343 1439; x_wconf 91' lang='lat' dir='ltr'><strong>lem</strong></span> <span class='ocrx_word' id='word_1_49' title='bbox 366 1361 513 1440; x_wconf 85' lang='lat' dir='ltr'><strong>iactent</strong></span> <span class='ocrx_word' id='word_1_50' title='bbox 532 1361 610 1465; x_wconf 89' lang='lat' dir='ltr'><strong>alij,</strong></span> <span class='ocrx_word' id='word_1_51' title='bbox 630 1386 679 1439; x_wconf 84' lang='lat' dir='ltr'><strong>ex</strong></span> <span class='ocrx_word' id='word_1_52' title='bbox 698 1358 1062 1439; x_wconf 84' lang='lat' dir='ltr'><strong>considerationibus</strong></span> <span class='ocrx_word' id='word_1_53' title='bbox 1079 1362 1123 1438; x_wconf 91' lang='lat' dir='ltr'><strong>de</strong></span> <span class='ocrx_word' id='word_1_54' title='bbox 1144 1362 1288 1440; x_wconf 85' lang='lat' dir='ltr'><strong>vmbris</strong></span> <span class='ocrx_word' id='word_1_55' title='bbox 1308 1361 1415 1442; x_wconf 89' lang='lat' dir='ltr'><strong>idea·</strong></span> 
     </span>
     <span class='ocr_line' id='line_1_9' title="bbox 266 1487 1411 1592; baseline 0.002 -26"><span class='ocrx_word' id='word_1_56' title='bbox 266 1512 352 1568; x_wconf 94' lang='lat' dir='ltr'><strong>rum</strong></span> <span class='ocrx_word' id='word_1_57' title='bbox 372 1514 593 1592; x_wconf 83' lang='lat' dir='ltr'><strong>expressam</strong></span> <span class='ocrx_word' id='word_1_58' title='bbox 612 1487 750 1567; x_wconf 90' lang='lat' dir='ltr'><strong>callere</strong></span> <span class='ocrx_word' id='word_1_59' title='bbox 771 1497 905 1567; x_wconf 87' lang='lat' dir='ltr'><strong>artem:</strong></span> <span class='ocrx_word' id='word_1_60' title='bbox 926 1513 1038 1591; x_wconf 89' lang='lat' dir='ltr'><strong>quam</strong></span> <span class='ocrx_word' id='word_1_61' title='bbox 1068 1488 1177 1566; x_wconf 91' lang='lat' dir='ltr'><strong>multi</strong></span> <span class='ocrx_word' id='word_1_62' title='bbox 1207 1488 1318 1568; x_wconf 83' lang='lat' dir='ltr'><strong>valde</strong></span> <span class='ocrx_word' id='word_1_63' title='bbox 1348 1516 1411 1568; x_wconf 89' lang='lat' dir='ltr'><strong>ar·</strong></span> 
     </span>
     <span class='ocr_line' id='line_1_10' title="bbox 266 1615 1409 1722; baseline 0.002 -28"><span class='ocrx_word' id='word_1_64' title='bbox 266 1617 393 1712; x_wconf 89' lang='lat' dir='ltr'><strong>duam,</strong></span> <span class='ocrx_word' id='word_1_65' title='bbox 410 1618 633 1722; x_wconf 82' lang='lat' dir='ltr'><strong>proprioque</strong></span> <span class='ocrx_word' id='word_1_66' title='bbox 651 1618 776 1696; x_wconf 89' lang='lat' dir='ltr'><strong>studio</strong></span> <span class='ocrx_word' id='word_1_67' title='bbox 790 1616 1088 1695; x_wconf 78' lang='lat' dir='ltr'><strong>inaccessibilem</strong></span> <span class='ocrx_word' id='word_1_68' title='bbox 1103 1615 1284 1694; x_wconf 88' lang='lat' dir='ltr'><strong>iudicant.</strong></span> <span class='ocrx_word' id='word_1_69' title='bbox 1301 1616 1409 1696; x_wconf 91' lang='lat' dir='ltr'><strong>Non·</strong></span> 
     </span>
     <span class='ocr_line' id='line_1_11' title="bbox 265 1743 1406 1849; baseline 0.001 -27"><span class='ocrx_word' id='word_1_70' title='bbox 265 1744 360 1823; x_wconf 92' lang='lat' dir='ltr'><strong>nulli</strong></span> <span class='ocrx_word' id='word_1_71' title='bbox 390 1771 438 1823; x_wconf 83' lang='lat' dir='ltr'><strong>ex</strong></span> <span class='ocrx_word' id='word_1_72' title='bbox 456 1745 502 1823; x_wconf 87' lang='lat' dir='ltr'><strong>iis</strong></span> <span class='ocrx_word' id='word_1_73' title='bbox 520 1745 583 1849; x_wconf 90' lang='lat' dir='ltr'><strong>qui</strong></span> <span class='ocrx_word' id='word_1_74' title='bbox 603 1746 789 1823; x_wconf 87' lang='lat' dir='ltr'><strong>doctiores</strong></span> <span class='ocrx_word' id='word_1_75' title='bbox 809 1747 924 1848; x_wconf 82' lang='lat' dir='ltr'><strong>vulgo</strong></span> <span class='ocrx_word' id='word_1_76' title='bbox 944 1744 1135 1837; x_wconf 84' lang='lat' dir='ltr'><strong>videntur,</strong></span> <span class='ocrx_word' id='word_1_77' title='bbox 1153 1769 1201 1821; x_wconf 92' lang='lat' dir='ltr'><strong>ne</strong></span> <span class='ocrx_word' id='word_1_78' title='bbox 1229 1743 1406 1847; x_wconf 90' lang='lat' dir='ltr'><strong>ipsorum</strong></span> 
     </span>
     <span class='ocr_line' id='line_1_12' title="bbox 265 1869 1406 1973; baseline -0.001 -23"><span class='ocrx_word' id='word_1_79' title='bbox 265 1871 535 1950; x_wconf 84' lang='lat' dir='ltr'><strong>insufficientia</strong></span> <span class='ocrx_word' id='word_1_80' title='bbox 553 1871 764 1965; x_wconf 88' lang='lat' dir='ltr'><strong>delitescat,</strong></span> <span class='ocrx_word' id='word_1_81' title='bbox 783 1869 823 1950; x_wconf 78' lang='lat' dir='ltr'><strong>dc</strong></span> <span class='ocrx_word' id='word_1_82' title='bbox 843 1872 931 1949; x_wconf 87' lang='lat' dir='ltr'><strong>cdm</strong></span> <span class='ocrx_word' id='word_1_83' title='bbox 951 1894 1057 1948; x_wconf 91' lang='lat' dir='ltr'><strong>suam</strong></span> <span class='ocrx_word' id='word_1_84' title='bbox 1079 1870 1219 1973; x_wconf 91' lang='lat' dir='ltr'><strong>pudeat</strong></span> <span class='ocrx_word' id='word_1_85' title='bbox 1247 1894 1311 1947; x_wconf 87' lang='lat' dir='ltr'><strong>eos</strong></span> <span class='ocrx_word' id='word_1_86' title='bbox 1340 1870 1406 1949; x_wconf 88' lang='lat' dir='ltr'><strong>fa·</strong></span> 
     </span>
     <span class='ocr_line' id='line_1_13' title="bbox 268 1990 1517 2102; baseline 0 -26"><span class='ocrx_word' id='word_1_87' title='bbox 268 1999 338 2076; x_wconf 91' lang='lat' dir='ltr'><strong>teri</strong></span> <span class='ocrx_word' id='word_1_88' title='bbox 369 2002 645 2102; x_wconf 86' lang='lat' dir='ltr'><strong>paupertatem,</strong></span> <span class='ocrx_word' id='word_1_89' title='bbox 674 1997 772 2100; x_wconf 90' lang='lat' dir='ltr'><strong>quod</strong></span> <span class='ocrx_word' id='word_1_90' title='bbox 802 1998 993 2102; x_wconf 90' lang='lat' dir='ltr'><strong>quippiam</strong></span> <span class='ocrx_word' id='word_1_91' title='bbox 1013 2022 1062 2076; x_wconf 85' lang='lat' dir='ltr'><strong>ex</strong></span> <span class='ocrx_word' id='word_1_92' title='bbox 1080 1997 1172 2101; x_wconf 85' lang='lat' dir='ltr'><strong>ipsis</strong></span> <span class='ocrx_word' id='word_1_93' title='bbox 1190 2020 1267 2076; x_wconf 94' lang='lat' dir='ltr'><strong>non</strong></span> <span class='ocrx_word' id='word_1_94' title='bbox 1287 1998 1411 2101; x_wconf 91' lang='lat' dir='ltr'><strong>perci·</strong></span> <span class='ocrx_word' id='word_1_95' title='bbox 1512 1990 1517 2001; x_wconf 84' lang='grc'><em>’</em></span> 
     </span>
     <span class='ocr_line' id='line_1_14' title="bbox 267 2124 1407 2232; baseline -0.001 -27"><span class='ocrx_word' id='word_1_96' title='bbox 267 2126 375 2230; x_wconf 89' lang='lat' dir='ltr'><strong>piant</strong></span> <span class='ocrx_word' id='word_1_97' title='bbox 388 2127 435 2206; x_wconf 93' lang='lat' dir='ltr'><strong>ad</strong></span> <span class='ocrx_word' id='word_1_98' title='bbox 451 2131 571 2205; x_wconf 90' lang='lat' dir='ltr'><strong>artem</strong></span> <span class='ocrx_word' id='word_1_99' title='bbox 587 2152 700 2232; x_wconf 93' lang='lat' dir='ltr'><strong>quam</strong></span> <span class='ocrx_word' id='word_1_100' title='bbox 716 2132 889 2204; x_wconf 85' lang='lat' dir='ltr'><strong>asserunt</strong></span> <span class='ocrx_word' id='word_1_101' title='bbox 903 2151 985 2204; x_wconf 87' lang='lat' dir='ltr'><strong>esse</strong></span> <span class='ocrx_word' id='word_1_102' title='bbox 1001 2125 1200 2204; x_wconf 83' lang='lat' dir='ltr'><strong>confusam</strong></span> <span class='ocrx_word' id='word_1_103' title='bbox 1217 2124 1407 2204; x_wconf 80' lang='lat' dir='ltr'><strong>referunt.</strong></span> 
     </span>
    </p>

    <p class='ocr_par' dir='ltr' id='par_1_3' title="bbox 264 2249 1409 4528">
     <span class='ocr_line' id='line_1_15' title="bbox 321 2249 1409 2357; baseline -0.001 -28"><span class='ocrx_word' id='word_1_104' title='bbox 321 2252 418 2330; x_wconf 74' lang='lat' dir='ltr'><strong>Boe.</strong></span> <span class='ocrx_word' id='word_1_105' title='bbox 439 2254 573 2330; x_wconf 85' lang='lat' dir='ltr'><strong>Artem</strong></span> <span class='ocrx_word' id='word_1_106' title='bbox 592 2253 740 2357; x_wconf 89' lang='lat' dir='ltr'><strong>quidem</strong></span> <span class='ocrx_word' id='word_1_107' title='bbox 760 2251 1071 2345; x_wconf 87' lang='lat' dir='ltr'><strong>inaccessibilem,</strong></span> <span class='ocrx_word' id='word_1_108' title='bbox 1091 2250 1154 2327; x_wconf 89' lang='lat' dir='ltr'><strong>sed</strong></span> <span class='ocrx_word' id='word_1_109' title='bbox 1170 2251 1250 2328; x_wconf 90' lang='lat' dir='ltr'><strong>siue</strong></span> <span class='ocrx_word' id='word_1_110' title='bbox 1269 2249 1409 2329; x_wconf 83' lang='lat' dir='ltr'><strong>sehale</strong></span> 
     </span>
     <span class='ocr_line' id='line_1_16' title="bbox 268 2376 1405 2483; baseline 0 -26"><span class='ocrx_word' id='word_1_111' title='bbox 268 2378 518 2457; x_wconf 85' lang='lat' dir='ltr'><strong>concesserim</strong></span> <span class='ocrx_word' id='word_1_112' title='bbox 545 2378 667 2456; x_wconf 75' lang='lat' dir='ltr'><strong>facile.</strong></span> <span class='ocrx_word' id='word_1_113' title='bbox 695 2376 896 2458; x_wconf 87' lang='lat' dir='ltr'><strong>Difficilem</strong></span> <span class='ocrx_word' id='word_1_114' title='bbox 915 2392 1064 2483; x_wconf 88' lang='lat' dir='ltr'><strong>quoque</strong></span> <span class='ocrx_word' id='word_1_115' title='bbox 1082 2377 1216 2475; x_wconf 84' lang='lat' dir='ltr'><strong>fateor,</strong></span> <span class='ocrx_word' id='word_1_116' title='bbox 1237 2379 1405 2457; x_wconf 87' lang='lat' dir='ltr'><strong>sednon</strong></span> 
     </span>
     <span class='ocr_line' id='line_1_17' title="bbox 272 2504 1409 2612; baseline 0.001 -28"><span class='ocrx_word' id='word_1_117' title='bbox 272 2512 471 2612; x_wconf 89' lang='lat' dir='ltr'><strong>propterea</strong></span> <span class='ocrx_word' id='word_1_118' title='bbox 498 2507 740 2585; x_wconf 86' lang='lat' dir='ltr'><strong>accusatione</strong></span> <span class='ocrx_word' id='word_1_119' title='bbox 768 2507 934 2611; x_wconf 83' lang='lat' dir='ltr'><strong>dignam:</strong></span> <span class='ocrx_word' id='word_1_120' title='bbox 953 2505 1080 2585; x_wconf 88' lang='lat' dir='ltr'><strong>omnia</strong></span> <span class='ocrx_word' id='word_1_121' title='bbox 1099 2505 1237 2609; x_wconf 89' lang='lat' dir='ltr'><strong>quippe</strong></span> <span class='ocrx_word' id='word_1_122' title='bbox 1256 2504 1409 2607; x_wconf 90' lang='lat' dir='ltr'><strong>optima</strong></span> 
     </span>
     <span class='ocr_line' id='line_1_18' title="bbox 271 2632 1406 2729; baseline -0.002 -16"><span class='ocrx_word' id='word_1_123' title='bbox 271 2632 432 2714; x_wconf 78' lang='lat' dir='ltr'><strong>velimus</strong></span> <span class='ocrx_word' id='word_1_124' title='bbox 461 2635 635 2729; x_wconf 88' lang='lat' dir='ltr'><strong>nolimus,</strong></span> <span class='ocrx_word' id='word_1_125' title='bbox 655 2635 807 2714; x_wconf 90' lang='lat' dir='ltr'><strong>decreto</strong></span> <span class='ocrx_word' id='word_1_126' title='bbox 826 2635 981 2712; x_wconf 87' lang='lat' dir='ltr'><strong>deorum</strong></span> <span class='ocrx_word' id='word_1_127' title='bbox 1000 2634 1040 2710; x_wconf 94' lang='lat' dir='ltr'><strong>in</strong></span> <span class='ocrx_word' id='word_1_128' title='bbox 1062 2633 1190 2712; x_wconf 90' lang='lat' dir='ltr'><strong>arduis</strong></span> <span class='ocrx_word' id='word_1_129' title='bbox 1211 2658 1292 2712; x_wconf 89' lang='lat' dir='ltr'><strong>esse</strong></span> <span class='ocrx_word' id='word_1_130' title='bbox 1312 2633 1406 2729; x_wconf 86' lang='lat' dir='ltr'><strong>sita,</strong></span> 
     </span>
     <span class='ocr_line' id='line_1_19' title="bbox 271 2763 1406 2868; baseline -0.001 -25"><span class='ocrx_word' id='word_1_131' title='bbox 271 2790 347 2843; x_wconf 91' lang='lat' dir='ltr'><strong>nou</strong></span> <span class='ocrx_word' id='word_1_132' title='bbox 366 2770 424 2842; x_wconf 87' lang='lat' dir='ltr'><strong>est</strong></span> <span class='ocrx_word' id='word_1_133' title='bbox 442 2789 554 2868; x_wconf 91' lang='lat' dir='ltr'><strong>quern</strong></span> <span class='ocrx_word' id='word_1_134' title='bbox 575 2765 702 2843; x_wconf 87' lang='lat' dir='ltr'><strong>lateat.</strong></span> <span class='ocrx_word' id='word_1_135' title='bbox 724 2766 832 2851; x_wconf 87' lang='lat' dir='ltr'><strong>Quod</strong></span> <span class='ocrx_word' id='word_1_136' title='bbox 852 2765 966 2843; x_wconf 90' lang='lat' dir='ltr'><strong>etiam</strong></span> <span class='ocrx_word' id='word_1_137' title='bbox 986 2765 1184 2843; x_wconf 90' lang='lat' dir='ltr'><strong>doctorum</strong></span> <span class='ocrx_word' id='word_1_138' title='bbox 1202 2763 1311 2842; x_wconf 92' lang='lat' dir='ltr'><strong>multi</strong></span> <span class='ocrx_word' id='word_1_139' title='bbox 1333 2790 1406 2867; x_wconf 90' lang='lat' dir='ltr'><strong>per</strong></span> 
     </span>
     <span class='ocr_line' id='line_1_20' title="bbox 267 2892 1404 2996; baseline 0 -26"><span class='ocrx_word' id='word_1_140' title='bbox 267 2919 308 2970; x_wconf 89' lang='lat' dir='ltr'><strong>se</strong></span> <span class='ocrx_word' id='word_1_141' title='bbox 342 2892 443 2994; x_wconf 90' lang='lat' dir='ltr'><strong>ipsos</strong></span> <span class='ocrx_word' id='word_1_142' title='bbox 472 2916 555 2970; x_wconf 90' lang='lat' dir='ltr'><strong>eam</strong></span> <span class='ocrx_word' id='word_1_143' title='bbox 584 2917 660 2972; x_wconf 92' lang='lat' dir='ltr'><strong>uon</strong></span> <span class='ocrx_word' id='word_1_144' title='bbox 687 2892 912 2996; x_wconf 86' lang='lat' dir='ltr'><strong>intelligant,</strong></span> <span class='ocrx_word' id='word_1_145' title='bbox 943 2918 1018 2970; x_wconf 92' lang='lat' dir='ltr'><strong>non</strong></span> <span class='ocrx_word' id='word_1_146' title='bbox 1048 2899 1106 2971; x_wconf 87' lang='lat' dir='ltr'><strong>est</strong></span> <span class='ocrx_word' id='word_1_147' title='bbox 1134 2917 1266 2971; x_wconf 91' lang='lat' dir='ltr'><strong>eorum</strong></span> <span class='ocrx_word' id='word_1_148' title='bbox 1285 2893 1404 2996; x_wconf 83' lang='lat' dir='ltr'><strong>igno-</strong></span> 
     </span>
     <span class='ocr_line' id='line_1_21' title="bbox 270 3021 1403 3113; baseline 0.001 -16"><span class='ocrx_word' id='word_1_149' title='bbox 270 3021 417 3113; x_wconf 89' lang='lat' dir='ltr'><strong>rantiae,</strong></span> <span class='ocrx_word' id='word_1_150' title='bbox 446 3045 516 3098; x_wconf 91' lang='lat' dir='ltr'><strong>nec</strong></span> <span class='ocrx_word' id='word_1_151' title='bbox 544 3021 638 3097; x_wconf 89' lang='lat' dir='ltr'><strong>artis</strong></span> <span class='ocrx_word' id='word_1_152' title='bbox 656 3021 865 3100; x_wconf 86' lang='lat' dir='ltr'><strong>confusioni</strong></span> <span class='ocrx_word' id='word_1_153' title='bbox 886 3021 1135 3100; x_wconf 89' lang='lat' dir='ltr'><strong>tribuendum:</strong></span> <span class='ocrx_word' id='word_1_154' title='bbox 1156 3021 1275 3099; x_wconf 91' lang='lat' dir='ltr'><strong>nihilo</strong></span> <span class='ocrx_word' id='word_1_155' title='bbox 1294 3023 1403 3099; x_wconf 90' lang='lat' dir='ltr'><strong>enim</strong></span> 
     </span>
     <span class='ocr_line' id='line_1_22' title="bbox 269 3146 1395 3249; baseline 0.003 -25"><span class='ocrx_word' id='word_1_156' title='bbox 269 3146 395 3225; x_wconf 88' lang='lat' dir='ltr'><strong>minus</strong></span> <span class='ocrx_word' id='word_1_157' title='bbox 424 3147 565 3249; x_wconf 87' lang='lat' dir='ltr'><strong>absque</strong></span> <span class='ocrx_word' id='word_1_158' title='bbox 592 3148 701 3226; x_wconf 90' lang='lat' dir='ltr'><strong>istius</strong></span> <span class='ocrx_word' id='word_1_159' title='bbox 729 3149 822 3226; x_wconf 90' lang='lat' dir='ltr'><strong>artis</strong></span> <span class='ocrx_word' id='word_1_160' title='bbox 850 3147 1044 3227; x_wconf 89' lang='lat' dir='ltr'><strong>intellectu</strong></span> <span class='ocrx_word' id='word_1_161' title='bbox 1072 3149 1278 3226; x_wconf 91' lang='lat' dir='ltr'><strong>doctissimi</strong></span> <span class='ocrx_word' id='word_1_162' title='bbox 1307 3173 1395 3227; x_wconf 87' lang='lat' dir='ltr'><strong>esse</strong></span> 
     </span>
     <span class='ocr_line' id='line_1_23' title="bbox 266 3274 1404 3377; baseline 0.001 -26"><span class='ocrx_word' id='word_1_163' title='bbox 266 3278 439 3376; x_wconf 88' lang='lat' dir='ltr'><strong>possunt.</strong></span> <span class='ocrx_word' id='word_1_164' title='bbox 459 3275 557 3375; x_wconf 93' lang='lat' dir='ltr'><strong>quod</strong></span> <span class='ocrx_word' id='word_1_165' title='bbox 573 3274 673 3352; x_wconf 90' lang='lat' dir='ltr'><strong>enim</strong></span> <span class='ocrx_word' id='word_1_166' title='bbox 688 3275 737 3352; x_wconf 88' lang='lat' dir='ltr'><strong>ad</strong></span> <span class='ocrx_word' id='word_1_167' title='bbox 752 3274 851 3377; x_wconf 91' lang='lat' dir='ltr'><strong>ipsos</strong></span> <span class='ocrx_word' id='word_1_168' title='bbox 867 3274 1015 3369; x_wconf 88' lang='lat' dir='ltr'><strong>attinet,</strong></span> <span class='ocrx_word' id='word_1_169' title='bbox 1032 3274 1121 3353; x_wconf 90' lang='lat' dir='ltr'><strong>illud</strong></span> <span class='ocrx_word' id='word_1_170' title='bbox 1138 3280 1196 3352; x_wconf 91' lang='lat' dir='ltr'><strong>est</strong></span> <span class='ocrx_word' id='word_1_171' title='bbox 1212 3274 1251 3351; x_wconf 91' lang='lat' dir='ltr'><strong>in</strong></span> <span class='ocrx_word' id='word_1_172' title='bbox 1266 3300 1404 3369; x_wconf 89' lang='lat' dir='ltr'><strong>causa,</strong></span> 
     </span>
     <span class='ocr_line' id='line_1_24' title="bbox 264 3398 1401 3505; baseline 0.003 -28"><span class='ocrx_word' id='word_1_173' title='bbox 264 3402 364 3503; x_wconf 92' lang='lat' dir='ltr'><strong>quod</strong></span> <span class='ocrx_word' id='word_1_174' title='bbox 392 3398 479 3477; x_wconf 87' lang='lat' dir='ltr'><strong>aliis</strong></span> <span class='ocrx_word' id='word_1_175' title='bbox 503 3400 542 3477; x_wconf 89' lang='lat' dir='ltr'><strong>in</strong></span> <span class='ocrx_word' id='word_1_176' title='bbox 570 3401 732 3503; x_wconf 86' lang='lat' dir='ltr'><strong>negotiis</strong></span> <span class='ocrx_word' id='word_1_177' title='bbox 761 3402 883 3504; x_wconf 84' lang='lat' dir='ltr'><strong>magis</strong></span> <span class='ocrx_word' id='word_1_178' title='bbox 912 3401 1099 3505; x_wconf 90' lang='lat' dir='ltr'><strong>occupati,</strong></span> <span class='ocrx_word' id='word_1_179' title='bbox 1124 3401 1270 3479; x_wconf 91' lang='lat' dir='ltr'><strong>modica</strong></span> <span class='ocrx_word' id='word_1_180' title='bbox 1297 3402 1401 3480; x_wconf 85' lang='lat' dir='ltr'><strong>artis</strong></span> 
     </span>
     <span class='ocr_line' id='line_1_25' title="bbox 265 3527 1401 3630; baseline 0.003 -26"><span class='ocrx_word' id='word_1_181' title='bbox 265 3527 373 3604; x_wconf 86' lang='lat' dir='ltr'><strong>istius</strong></span> <span class='ocrx_word' id='word_1_182' title='bbox 388 3527 598 3605; x_wconf 89' lang='lat' dir='ltr'><strong>sententias</strong></span> <span class='ocrx_word' id='word_1_183' title='bbox 617 3527 750 3630; x_wconf 87' lang='lat' dir='ltr'><strong>legunt</strong></span> <span class='ocrx_word' id='word_1_184' title='bbox 768 3529 988 3608; x_wconf 89' lang='lat' dir='ltr'><strong>attentione.</strong></span> <span class='ocrx_word' id='word_1_185' title='bbox 1005 3530 1088 3608; x_wconf 92' lang='lat' dir='ltr'><strong>Non</strong></span> <span class='ocrx_word' id='word_1_186' title='bbox 1104 3529 1205 3607; x_wconf 91' lang='lat' dir='ltr'><strong>enim</strong></span> <span class='ocrx_word' id='word_1_187' title='bbox 1225 3528 1316 3607; x_wconf 91' lang='lat' dir='ltr'><strong>satis</strong></span> <span class='ocrx_word' id='word_1_188' title='bbox 1337 3538 1401 3608; x_wconf 90' lang='lat' dir='ltr'><strong>est</strong></span> 
     </span>
     <span class='ocr_line' id='line_1_26' title="bbox 267 3656 1402 3761; baseline 0.002 -29"><span class='ocrx_word' id='word_1_189' title='bbox 267 3656 366 3759; x_wconf 94' lang='lat' dir='ltr'><strong>quod</strong></span> <span class='ocrx_word' id='word_1_190' title='bbox 395 3658 563 3735; x_wconf 91' lang='lat' dir='ltr'><strong>membra</strong></span> <span class='ocrx_word' id='word_1_191' title='bbox 592 3656 919 3760; x_wconf 83' lang='lat' dir='ltr'><strong>intentionquue</strong></span> <span class='ocrx_word' id='word_1_192' title='bbox 948 3664 1075 3761; x_wconf 88' lang='lat' dir='ltr'><strong>partes</strong></span> <span class='ocrx_word' id='word_1_193' title='bbox 1105 3682 1233 3734; x_wconf 89' lang='lat' dir='ltr'><strong>omnes</strong></span> <span class='ocrx_word' id='word_1_194' title='bbox 1254 3656 1402 3735; x_wconf 91' lang='lat' dir='ltr'><strong>intelli-</strong></span> 
     </span>
     <span class='ocr_line' id='line_1_27' title="bbox 267 3783 1401 3888; baseline 0.003 -28"><span class='ocrx_word' id='word_1_195' title='bbox 267 3788 371 3886; x_wconf 85' lang='lat' dir='ltr'><strong>gant:</strong></span> <span class='ocrx_word' id='word_1_196' title='bbox 392 3785 458 3862; x_wconf 89' lang='lat' dir='ltr'><strong>sed</strong></span> <span class='ocrx_word' id='word_1_197' title='bbox 478 3783 518 3863; x_wconf 76' lang='lat' dir='ltr'><strong>dc</strong></span> <span class='ocrx_word' id='word_1_198' title='bbox 538 3786 691 3888; x_wconf 89' lang='lat' dir='ltr'><strong>iusuper</strong></span> <span class='ocrx_word' id='word_1_199' title='bbox 710 3784 961 3862; x_wconf 88' lang='lat' dir='ltr'><strong>necessarium</strong></span> <span class='ocrx_word' id='word_1_200' title='bbox 985 3789 1041 3861; x_wconf 89' lang='lat' dir='ltr'><strong>est</strong></span> <span class='ocrx_word' id='word_1_201' title='bbox 1069 3810 1133 3862; x_wconf 89' lang='lat' dir='ltr'><strong>eos</strong></span> <span class='ocrx_word' id='word_1_202' title='bbox 1161 3783 1324 3886; x_wconf 84' lang='lat' dir='ltr'><strong>dignari,</strong></span> <span class='ocrx_word' id='word_1_203' title='bbox 1351 3789 1401 3864; x_wconf 87' lang='lat' dir='ltr'><strong>vt</strong></span> 
     </span>
     <span class='ocr_line' id='line_1_28' title="bbox 266 3910 1399 4016; baseline -0.001 -26"><span class='ocrx_word' id='word_1_204' title='bbox 266 3913 367 3990; x_wconf 88' lang='lat' dir='ltr'><strong>circa</strong></span> <span class='ocrx_word' id='word_1_205' title='bbox 383 3914 514 3991; x_wconf 88' lang='lat' dir='ltr'><strong>eadem</strong></span> <span class='ocrx_word' id='word_1_206' title='bbox 530 3913 767 3991; x_wconf 88' lang='lat' dir='ltr'><strong>considerent</strong></span> <span class='ocrx_word' id='word_1_207' title='bbox 782 3910 822 3990; x_wconf 75' lang='lat' dir='ltr'><strong>dc</strong></span> <span class='ocrx_word' id='word_1_208' title='bbox 837 3911 1151 4016; x_wconf 87' lang='lat' dir='ltr'><strong>contemplentur,</strong></span> <span class='ocrx_word' id='word_1_209' title='bbox 1168 3938 1236 3989; x_wconf 90' lang='lat' dir='ltr'><strong>uec</strong></span> <span class='ocrx_word' id='word_1_210' title='bbox 1251 3936 1328 3988; x_wconf 91' lang='lat' dir='ltr'><strong>non</strong></span> <span class='ocrx_word' id='word_1_211' title='bbox 1344 3911 1399 3989; x_wconf 90' lang='lat' dir='ltr'><strong>in-</strong></span> 
     </span>
     <span class='ocr_line' id='line_1_29' title="bbox 267 4036 1400 4143; baseline -0.002 -25"><span class='ocrx_word' id='word_1_212' title='bbox 267 4042 455 4119; x_wconf 87' lang='lat' dir='ltr'><strong>tentiones</strong></span> <span class='ocrx_word' id='word_1_213' title='bbox 474 4040 568 4118; x_wconf 87' lang='lat' dir='ltr'><strong>alias</strong></span> <span class='ocrx_word' id='word_1_214' title='bbox 588 4042 636 4118; x_wconf 90' lang='lat' dir='ltr'><strong>ad</strong></span> <span class='ocrx_word' id='word_1_215' title='bbox 656 4041 748 4119; x_wconf 87' lang='lat' dir='ltr'><strong>alias</strong></span> <span class='ocrx_word' id='word_1_216' title='bbox 769 4041 946 4134; x_wconf 88' lang='lat' dir='ltr'><strong>referant,</strong></span> <span class='ocrx_word' id='word_1_217' title='bbox 968 4039 1180 4143; x_wconf 73' lang='lat' dir='ltr'><strong>relatasque</strong></span> <span class='ocrx_word' id='word_1_218' title='bbox 1200 4063 1286 4116; x_wconf 91' lang='lat' dir='ltr'><strong>cum</strong></span> <span class='ocrx_word' id='word_1_219' title='bbox 1312 4036 1400 4116; x_wconf 86' lang='lat' dir='ltr'><strong>aliis</strong></span> 
     </span>
     <span class='ocr_line' id='line_1_30' title="bbox 270 4167 1398 4272; baseline 0 -27"><span class='ocrx_word' id='word_1_220' title='bbox 270 4170 324 4245; x_wconf 84' lang='lat' dir='ltr'><strong>ita</strong></span> <span class='ocrx_word' id='word_1_221' title='bbox 353 4169 562 4263; x_wconf 86' lang='lat' dir='ltr'><strong>conferant,</strong></span> <span class='ocrx_word' id='word_1_222' title='bbox 583 4176 624 4244; x_wconf 86' lang='lat' dir='ltr'><strong>vt</strong></span> <span class='ocrx_word' id='word_1_223' title='bbox 653 4168 758 4272; x_wconf 89' lang='lat' dir='ltr'><strong>quasi</strong></span> <span class='ocrx_word' id='word_1_224' title='bbox 788 4194 835 4246; x_wconf 90' lang='lat' dir='ltr'><strong>ex</strong></span> <span class='ocrx_word' id='word_1_225' title='bbox 856 4168 1091 4271; x_wconf 89' lang='lat' dir='ltr'><strong>simplicibus</strong></span> <span class='ocrx_word' id='word_1_226' title='bbox 1111 4167 1398 4262; x_wconf 82' lang='lat' dir='ltr'><strong>intentionibus,</strong></span> 
     </span>
     <span class='ocr_line' id='line_1_31' title="bbox 270 4293 1398 4400; baseline -0.002 -25"><span class='ocrx_word' id='word_1_227' title='bbox 270 4298 520 4376; x_wconf 87' lang='lat' dir='ltr'><strong>terminorum</strong></span> <span class='ocrx_word' id='word_1_228' title='bbox 550 4298 715 4377; x_wconf 89' lang='lat' dir='ltr'><strong>conflent</strong></span> <span class='ocrx_word' id='word_1_229' title='bbox 743 4298 1050 4389; x_wconf 85' lang='lat' dir='ltr'><strong>combinationes,</strong></span> <span class='ocrx_word' id='word_1_230' title='bbox 1070 4293 1110 4373; x_wconf 76' lang='lat' dir='ltr'><strong>dc</strong></span> <span class='ocrx_word' id='word_1_231' title='bbox 1139 4320 1205 4400; x_wconf 88' lang='lat' dir='ltr'><strong>per</strong></span> <span class='ocrx_word' id='word_1_232' title='bbox 1232 4320 1273 4372; x_wconf 85' lang='lat' dir='ltr'><strong>se</strong></span> <span class='ocrx_word' id='word_1_233' title='bbox 1292 4293 1398 4397; x_wconf 88' lang='lat' dir='ltr'><strong>ipsos</strong></span> 
     </span>
     <span class='ocr_line' id='line_1_32' title="bbox 265 4418 1400 4528; baseline -0.002 -26"><span class='ocrx_word' id='word_1_234' title='bbox 265 4448 310 4502; x_wconf 87' lang='lat' dir='ltr'><strong>ea</strong></span> <span class='ocrx_word' id='word_1_235' title='bbox 338 4448 421 4526; x_wconf 86' lang='lat' dir='ltr'><strong>quae</strong></span> <span class='ocrx_word' id='word_1_236' title='bbox 450 4425 488 4505; x_wconf 93' lang='lat' dir='ltr'><strong>in</strong></span> <span class='ocrx_word' id='word_1_237' title='bbox 517 4426 709 4528; x_wconf 91' lang='lat' dir='ltr'><strong>proposito</strong></span> <span class='ocrx_word' id='word_1_238' title='bbox 739 4425 969 4504; x_wconf 89' lang='lat' dir='ltr'><strong>inuentionis</strong></span> <span class='ocrx_word' id='word_1_239' title='bbox 997 4422 1122 4527; x_wconf 91' lang='lat' dir='ltr'><strong>iudicij</strong></span> <span class='ocrx_word' id='word_1_240' title='bbox 1145 4418 1185 4501; x_wconf 76' lang='lat' dir='ltr'><strong>dr</strong></span> <span class='ocrx_word' id='word_1_241' title='bbox 1205 4420 1400 4500; x_wconf 85' lang='lat' dir='ltr'><strong>memoriae</strong></span> 
     </span>
    </p>
   </div>
   <div class='ocr_carea' id='block_1_3' title="bbox 0 0 1676 5124">
    <p class='ocr_par' dir='ltr' id='par_1_4' title="bbox 0 0 1676 5124">
     <span class='ocr_line' id='line_1_33' title="bbox 0 0 1676 5124; baseline 0 1"><span class='ocrx_word' id='word_1_242' title='bbox 0 0 1676 5124; x_wconf 95' lang='lat' dir='ltr'><strong> </strong></span> 
     </span>
    </p>
   </div>
  </div>
 </body>
</html>
