3344 5124
673 406 855 476 ..159-

364 686 421 755 Ad
442 684 717 757 wmbinutiones
737 689 778 755 in
800 686 927 774 quibsas
949 691 1161 759 obeuntum

454 816 652 886 subsistens
668 817 841 904 procedit
861 819 961 887 siem.
984 819 1075 888 adsi.

254 1079 343 1159 Istis
357 1079 413 1159 ita
425 1080 615 1186 dispositis
630 1080 677 1158 ad
694 1079 929 1160 infinitarum
943 1080 1267 1161 combinationum
1282 1105 1331 1159 ex

202 1207 397 1286 elementis
412 1207 765 1286 constituendarum
775 1207 1065 1288 multitudinem:
1076 1232 1152 1286 non
1163 1214 1220 1287 est
1232 1209 1330 1313 quod

200 1334 294 1413 alios
321 1335 555 1439 superaddas
583 1335 734 1413 ordines
762 1333 972 1440 primarum
1000 1335 1326 1439 compositionum.

194 1462 278 1564 ‚Hic
304 1487 343 1541 n.
372 1462 472 1541 sicut
497 1463 617 1542 habes
644 1467 799 1541 centum
826 1461 1104 1567 quinquaginta
1139 1462 1330 1568 simplices

202 1589 522 1683 combinationes,
555 1590 594 1668 in
630 1590 766 1695 quibus
793 1589 1023 1670 elementum
1050 1591 1237 1671 adsistens
1264 1592 1324 1672 vel

201 1743 270 1823 pro
297 1717 505 1797 adsistente
536 1718 700 1822 positum
727 1718 909 1821 praecedit
936 1718 1165 1800 elementum
1201 1721 1328 1800 subsi-

211 1857 315 1929 stens
332 1848 394 1929 vel
412 1875 480 1955 pm
498 1849 728 1928 subsistente
747 1847 922 1951 positum,
941 1848 996 1926 ita
1013 1872 1083 1953 pec
1101 1873 1214 1954 quam
1232 1848 1334 1929 facili

202 1977 360 2081 negocio
379 1976 497 2055 habes
516 1980 668 2054 centum
687 1971 728 2054 ds
746 1975 1022 2079 quinquaginta
1040 1975 1117 2054 alia
1135 1976 1174 2055 in
1193 1976 1332 2081 quibus

88 2148 97 2164 ·
203 2106 432 2184 elementum
460 2104 647 2183 adsistens
676 2102 737 2183 vel
765 2127 834 2205 pro
852 2102 1060 2181 adsistente
1079 2102 1245 2205 positum
1263 2127 1327 2182 se·

204 2233 333 2335 quitur
360 2230 590 2311 elementum
613 2230 823 2310 subsistens
842 2229 903 2309 vel
924 2254 991 2332 pro
1010 2229 1239 2308 subsistente
1258 2254 1329 2333 po-

202 2360 329 2438 situm.
350 2359 410 2437 Ex
430 2356 641 2437 differentia
659 2357 778 2460 igitur
798 2355 891 2435 recti
910 2355 970 2433 vel
989 2355 1111 2450 cunni,
1130 2355 1252 2434 induti
1271 2356 1333 2434 vel

203 2488 321 2576 exuti,
337 2487 412 2565 huc
430 2486 491 2565 vel
511 2485 601 2564 illuc
620 2485 733 2579 versi,
748 2484 914 2562 sedentis
930 2482 990 2562 vel
1003 2483 1154 2577 stantis,
1170 2481 1231 2562 vel
1247 2483 1332 2562 aliis

204 2613 305 2691 mille
319 2614 520 2718 dupliciter
533 2639 575 2692 se
588 2612 752 2691 habendi
769 2612 902 2707 modis,
918 2613 990 2691 hoc
1005 2612 1130 2717 ipsum
1145 2611 1213 2691 tibi
1230 2616 1333 2715 pote·

201 2738 255 2816 ris
282 2739 582 2818 adcommodare.
611 2738 808 2817 Chorebus
832 2738 971 2842 figulus
998 2739 1135 2819 sedens
1161 2742 1271 2817 notat
1299 2741 1335 2817 A

203 2865 256 2943 M.
277 2865 341 2968 qui
360 2867 498 2946 stando
516 2866 756 2972 significabat
774 2866 850 2944 Ma.
