3344 5124
681 421 858 486 -198-

207 586 336 642 omnes
356 564 469 641 etiam
488 563 687 654 beneficos,
717 561 753 639 in
774 558 938 665 perditos
957 562 1085 643 etiam
1108 571 1248 674 atque
1268 570 1383 649 scele-

205 691 390 770 stissimos
410 695 520 769 notos
539 690 719 769 mitiores.

611 944 850 1035 QVAESTIO
879 948 923 1026 ll.

259 1213 416 1290 Moerus
447 1211 582 1288 Asinos
610 1211 719 1288 modo
746 1210 1065 1313 praetermittam:
1097 1216 1153 1294 de
1185 1218 1292 1322 ipsis
1328 1247 1367 1300 n.

207 1339 301 1419 alias
330 1339 510 1443 grauius,
538 1344 653 1443 atque
681 1337 864 1417 maturius
901 1339 1241 1426 considerabitur.
1288 1349 1375 1429 Hos

208 1468 401 1546 asinorum
421 1467 517 1547 illios
546 1473 638 1573 puta
663 1467 798 1561 mulos,
827 1492 902 1571 qna
928 1472 1020 1546 nota
1048 1470 1274 1555 dinoscere
1307 1503 1374 1582 po

203 1593 387 1672 tuisseml

259 1722 386 1802 Cmcu.
416 1724 444 1826 lj
475 1730 567 1804 sunt
593 1725 656 1826 qui
695 1727 737 1799 vt
768 1721 984 1826 philosophi
1021 1722 1284 1808 haberentur
1329 1729 1372 1810 <ln

209 1849 447 1954 eloquentes:
467 1878 535 1930 neo
560 1851 772 1957 philosophi
800 1877 870 1930 nec
897 1851 1119 1957 eloquentes
1152 1865 1294 1938 erant.
1329 1867 1374 1940 vt

207 1986 356 2083 poetam
379 1980 560 2059 iactantes
580 1977 619 2060 dr
640 1986 839 2059 oratorem:
855 1985 1032 2059 neutrum
1052 1990 1202 2063 essent.
1224 1995 1271 2065 vt
1291 1991 1368 2066 sub

204 2109 314 2188 titulo
335 2108 555 2212 legistarum
576 2116 688 2214 atque
708 2109 1038 2188 scholasticorum:
1059 2134 1129 2189 neo
1150 2113 1258 2198 tales
1293 2117 1364 2194 ha·

204 2239 392 2316 berentur
410 2263 531 2342 nequa
551 2239 657 2317 tales.
678 2245 720 2317 vt
738 2237 975 2343 grammatici
991 2234 1031 2317 dr
1051 2238 1363 2344 disceptatores:

205 2365 243 2442 in
274 2370 431 2468 vtroque
451 2366 654 2445 deficerent
672 2391 840 2445 munere.
866 2371 909 2444 vt
928 2370 1159 2442 mercatores
1181 2363 1226 2447 ἅ
1247 2371 1362 2450 nobi·

207 2491 273 2569 les:
289 2493 471 2570 seoretius
491 2492 737 2595 ignobilitatis
757 2516 875 2595 genus
895 2491 1143 2569 incurrerent.
1161 2498 1210 2571 vt
1226 2498 1364 2598 togati

206 2615 246 2697 dr
266 2618 466 2723 armigeri:
486 2619 582 2698 hello
603 2623 729 2697 assent
747 2615 786 2696 dr
806 2616 924 2696 literis
944 2616 1072 2718 inepti.
1094 2621 1135 2693 vt
1156 2618 1280 2697 aulici
1316 2621 1362 2701 dr

208 2746 397 2850 religiosi:
417 2747 628 2824 etherooliti
650 2746 798 2850 generis
818 2772 858 2823 se
877 2749 1103 2849 praestarent
1122 2745 1286 2825 animal.
1312 2760 1361 2829 vt

212 2876 357 2980 pulchri
378 2872 417 2955 81
437 2875 645 2954 terribiles:
665 2901 788 2979 neque
807 2875 1000 2953 foeminam
1029 2874 1186 2952 ederent
1216 2901 1357 2981 neque

210 3005 346 3082 virum.
362 3005 481 3083 veluti
503 3007 613 3083 modo
634 3032 680 3084 ex
701 3031 796 3110 equa
810 3011 931 3084 matre
947 3003 986 3083 dr
1001 3005 1106 3083 asino
1122 3011 1247 3108 patre,
1264 3033 1357 3090 nou

208 3139 297 3209 sunt
316 3133 401 3235 equi
421 3158 491 3211 uec
510 3133 626 3212 asini:
647 3128 686 3210 dr
705 3133 872 3211 ruditum
892 3157 978 3212 cum
999 3131 1147 3210 hinnitu
1174 3133 1354 3215 mixtum

211 3261 364 3338 habent.

606 3521 846 3625 ovAEsuo
875 3518 941 3599 111.

262 3785 421 3862 Moerus.
443 3784 592 3885 Hyrcos
614 3782 701 3885 quid
722 3782 814 3860 mihi
834 3781 1112 3885 significasset?

262 3911 389 3990 Cracu.
409 3910 477 3987 Vel
498 3911 590 3987 odor
606 3909 800 4013 hymmum
817 3910 874 3987 vel
891 3912 987 4014 quod
1008 3910 1172 4013 quandiu
1188 3907 1349 4004 viuunt‚

211 4038 356 4114 tamdiu
372 4045 520 4114 coeunt.
535 4037 592 4112 vel
611 4036 682 4112 hoc
697 4038 793 4139 quod
810 4038 979 4140 gestiunt
997 4064 1084 4115 cum
1099 4037 1245 4115 socium
1257 4063 1354 4117 cum

210 4189 279 4240 sua
300 4165 453 4242 l'oemina
472 4170 672 4241 coeuntem
694 4165 869 4259 viderint,
886 4171 976 4243 tunc
994 4192 1074 4270 prae
1090 4163 1231 4269 gaudio
1245 4166 1348 4241 cris·

212 4297 310 4384 sant,
331 4289 371 4370 dr
391 4292 566 4370 exultant
586 4298 625 4368 vt
646 4292 796 4370 arietes.
