3344 5124
729 425 911 484 -242-

267 593 442 648 «nomen
479 568 592 649 affine
630 574 689 649 est
724 569 868 648 nomini
905 569 1017 650 illius.
1060 570 1124 651 Sic
1159 570 1401 675 apponimus

265 729 283 772 ‹
303 724 439 803 equum
459 700 505 778 ad
525 700 729 803 equitatem
748 699 1047 794 memorandam,
1062 697 1170 778 sitim
1192 699 1242 776 ad
1263 698 1404 777 vitam.

307 823 362 928 iij.
399 823 648 928 «Aliquando
681 825 773 903 vero
808 849 874 926 per
901 822 1197 928 Etimologiam‚
1228 821 1404 901 solemus

265 985 282 1028 ‹
303 955 432 1032 venari
451 955 543 1033 illud
561 955 586 1035 d
604 979 679 1059 quo
697 954 780 1056 ipsa
798 953 1023 1043 desumitur,
1043 952 1173 1055 utpote
1201 949 1401 1053 infigura·

265 1079 377 1157 <bile
405 1081 428 1158 d
455 1080 658 1184 figurabili,
687 1082 710 1159 d
737 1080 914 1158 Romano
941 1078 1131 1174 Romam,
1160 1076 1185 1154 d
1212 1082 1405 1154 montano

265 1213 480 1289 <montem

308 1336 376 1440 iiij.
403 1366 422 1411 ‹
441 1335 655 1440 Aliquando
675 1337 698 1414 d
716 1333 963 1412 similitudine
981 1332 1131 1436 capitis,
1146 1334 1283 1434 utpote
1300 1330 1404 1434 prin·

269 1463 391 1566 ‹cipij
430 1462 630 1553 dictionis,
660 1461 928 1540 consueuimus
958 1484 1140 1538 reuocare
1167 1458 1406 1536 memoriam

268 1622 285 1664 ‹
304 1593 385 1669 eius
404 1592 503 1696 quod
521 1592 562 1670 in
580 1593 654 1670 line
675 1597 734 1670 est
752 1589 945 1667 dissimile.
965 1586 1025 1665 Ita
1044 1614 1112 1691 per
1130 1585 1284 1665 asinum
1314 1585 1404 1665 loco

267 1751 284 1793 c
304 1720 515 1823 appositum
532 1718 701 1797 solebam
720 1718 856 1796 asilum
876 1716 1080 1809 recordari,
1096 1715 1155 1793 vel
1174 1717 1289 1793 Aser.

310 1876 349 1925 v.
378 1878 396 1922 ι
415 1849 628 1952 Aliquando
647 1849 671 1926 d
689 1845 940 1925 translatione
958 1845 1134 1939 nominis,
1149 1843 1401 1947 quemadmo-

270 2007 288 2050 ι
308 1976 396 2053 dum
416 1977 440 2053 ci
457 1974 634 2079 Philippo
654 1974 735 2052 loco
763 1973 949 2077 apposito,
978 1972 1146 2051 venabar
1166 1971 1400 2051 memoriam

265 2136 281 2174 ι
301 2104 484 2182 amatoris
505 2126 701 2206 equorum.
714 2100 776 2179 vel
796 2102 1017 2179 dconuerso
1032 2099 1247 2205 aliquando,

312 2234 364 2335 vj.
394 2261 410 2306 ‹
430 2234 488 2311 Ab
508 2232 775 2324 antecedente,
795 2230 926 2307 venari
946 2229 1112 2308 solebam
1142 2253 1403 2332 consequens,

266 2384 284 2429 ‹
302 2359 618 2461 quemadmodum
636 2355 863 2434 naturaliter
882 2358 928 2431 ab
948 2382 1088 2434 aurora
1115 2354 1206 2433 solis
1235 2361 1403 2434 exortus

269 2485 529 2588 «concipitur,
550 2481 588 2562 du
609 2486 632 2561 a
650 2490 759 2587 pastu
780 2483 1030 2586 digestionem
1048 2484 1252 2586 figuratam
1274 2483 1405 2561 conci·

268 2614 439 2717 «pimus.

317 2739 379 2840 vij.
409 2769 426 2813 ‹
445 2737 659 2842 Aliquando
678 2763 725 2814 ex
745 2738 1035 2831 concomitante,
1051 2739 1152 2816 sicut
1170 2739 1194 2815 d
1213 2738 1318 2816 socio
1339 2764 1401 2815 so·

267 2900 285 2942 e
303 2868 403 2945 cium
425 2868 486 2970 qui
507 2892 654 2970 semper
672 2867 743 2969 ipsi
759 2867 888 2944 vnitur
903 2868 1170 2945 consueuimus
1185 2868 1401 2948 recordari.

268 3022 286 3065 ‹<
304 2993 377 3069 Vbi
393 2994 510 3096 igitur
524 2992 661 3095 aliquid
677 2998 735 3069 est
748 2992 1000 3094 infigurabile,
1016 2995 1116 3073 sicut
1130 3019 1245 3086 mors,
1262 2997 1396 3095 potest

271 3152 288 3195 ‹<
308 3121 462 3224 figurari
483 3149 550 3224 per
570 3122 709 3198 caedem
731 3123 790 3199 vel
811 3123 986 3202 cadauer.

313 3250 389 3350 viij.
418 3279 435 3323 ‹
454 3249 664 3351 Aliquando
684 3251 708 3327 ai
726 3260 991 3353 consequente,
1008 3252 1107 3354 quod
1127 3251 1265 3329 dicitur
1283 3251 1397 3329 vicis·

269 3412 285 3455 <
305 3380 377 3457 sim
396 3404 482 3458 cum
501 3380 767 3457 antecedente:
789 3380 888 3457 sicut
906 3383 929 3457 a
947 3381 1051 3459 fumo
1070 3382 1243 3459 nominas
1263 3380 1394 3484 iguem

271 3540 288 3584 ‹
307 3510 594 3612 praecedentem,
615 3513 654 3585 et
673 3534 739 3610 per
758 3509 885 3611 ignem
904 3511 1106 3590 recolimus
1125 3510 1271 3589 fumum
1290 3511 1389 3587 sub-

269 3639 537 3739 «sequentem.

314 3768 353 3843 ix
379 3763 628 3867 <Aliquando
649 3766 694 3843 ab
714 3766 910 3845 accidente
929 3768 1162 3854 subiectum,
1183 3788 1296 3868 quem
1316 3765 1394 3841 ad-

269 3897 456 3971 ‹modum
476 3894 499 3967 d
518 3917 559 3969 re
578 3890 663 3969 alba
682 3894 867 3995 apposita,
888 3894 1012 3971 niuem
1032 3895 1246 3986 lucramur,
1266 3894 1290 3968 d
1311 3892 1395 3969 sal-

269 4051 286 4095 ‹
305 4022 447 4100 tatione
462 4020 694 4097 saltatorem.

313 4175 352 4226 x.
380 4175 398 4220 ‹
417 4148 628 4249 Aliquando
648 4150 672 4224 ai
690 4150 857 4227 subiecto
877 4150 1073 4229 accidens:
1095 4150 1192 4227 sicul
1212 4172 1260 4224 ex
1279 4146 1396 4227 alueo

267 4276 424 4355 <mellis
445 4274 641 4363 collocato,
661 4275 862 4354 recolimus
882 4278 1131 4373 dulcedinem,
1147 4303 1195 4356 ex
1215 4275 1322 4352 leone
1343 4274 1362 4351 f
1385 4318 1395 4333 ·

267 4435 284 4479 α
304 4403 513 4495 rocitatem,
534 4426 582 4478 ex
601 4427 689 4479 vrso
709 4404 817 4481 iram.
