3344 5124
761 349 943 410 ...204-

331 495 461 575 Cluen.
489 496 627 574 Nonne
655 495 762 573 uides
796 496 1114 598 quemadmodum
1139 499 1209 574 sub
1238 496 1420 575 inanibus

277 647 319 700 se
337 622 506 699 condunt
524 621 755 699 concharum
774 622 894 699 testis:
916 620 1079 699 minores
1098 624 1168 699 sub
1188 622 1415 713 minoribus,

276 750 346 828 sub
366 749 624 852 capacioribus
652 754 781 827 autem
810 749 998 830 maiores?
1016 749 1097 827 lam
1119 749 1247 827 videre
1274 748 1418 829 licebat

280 875 420 956 multos
439 876 502 979 qui
523 900 609 954 cum
629 900 697 980 per
715 900 797 956 sese
812 875 906 952 nibil
922 875 1107 954 valerent:
1123 880 1277 980 propria
1298 875 1414 955 diffisi

275 1001 516 1095 sufficientia,
541 1001 727 1080 maiorum
755 1000 1071 1106 dominorumque
1098 1026 1254 1082 suorum
1281 1002 1412 1082 titulis

279 1131 496 1210 tuebantur.

658 1400 898 1488 QVAESTIO
927 1402 1033 1481 XlX.

329 1684 490 1764 Morsus.
511 1683 682 1762 Vidisses
700 1681 947 1761 crocodillosl

328 1819 457 1898 Cmcn.
479 1817 625 1895 Contra
639 1814 860 1919 plaudentes
879 1815 1121 1907 ferociebant
1150 1813 1415 1892 concedebant

275 1951 401 2026 autem
432 1945 759 2024 contemnentibus
778 1941 818 2023 dr
837 1944 1086 2022 obstantibus:
1103 1948 1149 2020 ‘vt
1168 1943 1278 2021 modd
1297 1943 1412 2020 terri·

278 2075 369 2154 biles
389 2078 522 2155 extant
540 2073 580 2152 in
602 2073 768 2176 fugaces,
789 2073 944 2177 fugaces
962 2073 1000 2150 in
1020 2070 1216 2150 terribiles

591 2281 594 2290 ν
665 2347 907 2435 QVAESTIO
927 2350 1015 2428 XX.

322 2613 484 2693 Monms.
513 2615 673 2718 Aspidos
692 2615 867 2720 quoquot

323 2740 455 2819 Ornos.
475 2741 522 2818 Hi
546 2741 583 2819 in
605 2746 793 2845 parentes,
811 2742 1025 2843 magistros,
1042 2741 1082 2822 <u
1096 2746 1296 2824 beneficos:
1312 2770 1401 2823 con·

269 2866 470 2962 tumeliosi‚
497 2870 648 2971 ingrati,
679 2870 902 2948 homicidae:
934 2877 974 2948 vt
1004 2873 1113 2950 modd
1143 2873 1222 2978 filij,
1253 2878 1399 2952 matres

269 2996 459 3074 morsibus
481 3003 653 3075 enecant.

646 3275 890 3360 QVAESTIO
918 3278 1022 3355 XXI.

322 3555 481 3641 Monam.
503 3557 698 3642 Quomodo
723 3557 939 3636 illusissent
967 3559 1029 3638 isti
1060 3587 1126 3663 pro
1156 3561 1402 3639 olrameleon-
1521 3585 1528 3596 ·

267 3680 394 3758 tibust

319 3810 448 3888 Cunus.
481 3809 548 3887 Vel
579 3813 666 3915 quia
694 3813 907 3892 adulatores
928 3812 968 3893 dn
995 3817 1206 3894 imitatores
1227 3818 1398 3895 omnium

266 3941 538 4041 praeterquam
559 3964 689 4019 eorum
710 3967 793 4043 quae
812 3950 941 4019 onesta
963 3938 1002 4019 dr
1022 3941 1123 4020 clara
1147 3942 1337 4022 videntur:
1355 3944 1404 4019 si·

266 4073 332 4143 cut
360 4092 459 4143 nunc
488 4083 628 4169 praeter
657 4071 832 4154 rubrum,
861 4080 975 4172 atque
1004 4070 1225 4161 candidum,
1252 4070 1398 4149 colores

267 4217 397 4269 omnes
428 4193 638 4271 imitantur.
669 4195 736 4270 Vel
758 4198 845 4297 quia
864 4222 958 4273 arira
977 4197 1167 4300 popularis
1187 4223 1251 4275 eos
1272 4198 1400 4277 alebat

265 4343 334 4397 nec
364 4319 540 4424 quippam
569 4321 667 4399 aliud
690 4325 736 4401 ab
757 4324 923 4402 bumana
942 4323 1053 4402 laude
1072 4321 1112 4402 u
1132 4324 1253 4428 gloria
1274 4350 1398 4405 aucu-
