3344 5124
692 397 730 411 -
754 361 794 427 15
814 397 853 413 ..

199 510 306 590 rabili
336 511 602 615 consequenda
629 514 869 588 tractaretur.
892 510 1117 588 Diuturnam
1138 511 1327 589 exercita·

199 661 338 738 tionem
367 659 599 762 antiquiores
627 658 881 736 institutiones
911 658 1172 762 perquirendo:
1193 661 1239 737 ab
1268 685 1327 738 ea·

198 833 286 886 rum
313 807 575 911 prosecutione
603 812 715 907 atque
744 806 867 883 studio
886 806 1040 910 ingenia
1059 804 1242 883 foelieiora
1260 805 1324 882 im-

196 957 393 1060 portunius
419 956 633 1057 abigebant:
655 956 791 1033 rninus.
820 980 857 1033 n.
887 955 1064 1034 durantia
1092 953 1131 1034 a
1159 953 1218 1061 (vt
1246 982 1325 1034 rem

194 1104 362 1204 apertius
382 1101 588 1208 insinuem)
602 1103 723 1204 magis
744 1103 1080 1207 impotentiaque
1100 1106 1221 1208 magis
1243 1106 1327 1183 sub·

194 1252 275 1329 tilia
293 1251 599 1355 promptioraque
618 1257 707 1327 sunt
724 1250 886 1351 ingenia,
915 1276 1074 1353 quorum
1102 1254 1323 1355 quibusdam

140 1450 146 1466 ·
193 1402 315 1506 magis
352 1402 480 1480 omnia
521 1409 705 1503 tangere,
734 1425 847 1501 quam
885 1426 1004 1480 vnum
1042 1403 1323 1505 apprehendere

193 1551 415 1630 consulitur.

235 2008 480 2074 Punounruvs.
494 2040 539 2055 -
551 2003 646 2070 Ittud
658 2003 751 2088 quod
768 2003 860 2068 mitri
872 2004 1011 2069 arridet
1025 2004 1068 2070 de
1083 2008 1233 2072 authore
1250 2006 1319 2072 isto

191 2141 246 2204 est
263 2137 356 2221 quod
371 2154 493 2202 nense
507 2135 601 2220 facit
615 2132 657 2198 de
673 2151 797 2198 eorum
810 2150 919 2216 areae
934 2133 998 2215 qui
1015 2133 1172 2200 aliorum
1184 2140 1320 2200 senten·

192 2244 358 2331 u'as'urne
376 2266 460 2331 inde
483 2268 521 2331 in
545 2282 656 2328 uniam
672 2263 886 2347 aotlr'yentea
902 2283 940 2329 se
955 2283 1023 2348 pro
1044 2267 1318 2333 immortalitate

189 2394 434 2477 consequenda
449 2394 604 2457 otiorum
617 2393 778 2476 impensa
794 2393 830 2456 in
846 2412 1036 2459 nairnerum
1049 2397 1321 2482 auttroranrpro

188 2526 393 2607 posteritate
420 2523 662 2590 laborantium
680 2525 855 2608 referunt
873 2522 1172 2608 &utplurimum
1195 2547 1318 2593 eorum

188 2676 226 2722 se
248 2656 475 2723 constituunt
497 2657 666 2728 (tectores,
692 2675 845 2739 aiterum
869 2658 1008 2724 rircttarn
1017 2677 1173 2743 prorsas
1190 2660 1317 2728 liabent

190 2784 465 2873 intettiyentiam
481 2788 589 2868 atqua
606 2787 782 2850 rationare:
801 2786 897 2870 iique
913 2788 1093 2856 rrizdtoties
1108 2791 1229 2874 faeere
1245 2808 1315 2856 noir

184 2922 341 2998 posnani:
365 2916 558 3001 quominus
581 2920 784 3001 (postquam
803 2917 934 3001 pettem
959 2919 1069 2984 teonis
1092 2937 1139 2984 em
1161 2921 1316 2985 aliorum

187 3048 346 3114 inuentis
368 3053 556 3132 atcumque
579 3048 651 3115 stoi
672 3049 944 3134 attaptauerint)
962 3049 999 3115 in
1021 3052 1212 3135 propriam
1235 3073 1314 3118 are-

185 3174 296 3254 brius
312 3175 344 3243 a
360 3177 499 3243 tandem
521 3177 728 3262 iirnmpant
742 3195 870 3254 vocem,
887 3179 1029 3261 quando
1050 3180 1189 3263 ati'quid
1204 3199 1250 3247 en
1265 3199 1317 3246 eo·

185 3323 269 3395 rum
298 3305 458 3372 deturubi
488 3307 613 3373 Marte¹
633 3309 734 3390 (quia
758 3306 866 3389 sanita
897 3313 948 3372 est
970 3308 1129 3374 inuentis
1152 3309 1313 3376 adderet

185 3436 427 3512 eiaculantur,
450 3437 504 3501 uei
536 3438 578 3502 de
602 3436 761 3520 penuria
786 3437 921 3520 stupidi
943 3454 1067 3502 sensus
1091 3439 1314 3522 equrqitant

185 3558 253 3624 Itta
278 3560 339 3626 itta
362 3565 448 3625 sunt
470 3562 598 3627 arietes
624 3560 885 3645 intertiatam,
919 3565 1091 3626 tormenta
1125 3582 1315 3640 errorum,

184 3687 383 3758 bombardae
397 3689 666 3774 ineptiarum&
679 3692 840 3756 tonitrua
858 3692 1128 3762 coruscationes.
1147 3696 1312 3778 fateare,

185 3819 216 3886 ἂ
240 3828 459 3907 tempestates
482 3842 624 3908 maynce
648 3798 862 3890 ruditatem.

228 3955 388 4021 Loorrnn.
402 3990 446 4005 -
460 3955 536 4021 Non
554 3956 667 4021 sentis
686 3956 778 4021 idem
802 3958 844 4022 de
869 3961 1113 4044 carrniniteqis
1136 3959 1168 4026 ἃ
1191 3963 1310 4028 uersi-

180 4084 390 4164 ficatoribus
415 4088 548 4150 riostris
571 4087 632 4169 qui
654 4087 783 4151 atiern's
808 4087 1088 4166 inuentionibum
1104 4088 1308 4157 mariaeerat·

180 4211 246 4281 bus
268 4212 300 4281 ἃ
322 4215 491 4293 versibus,
514 4236 580 4302 pro
603 4217 679 4283 suis
703 4237 740 4283 se
763 4217 864 4285 nobis
888 4219 1074 4285 venditant
1094 4221 1226 4305 poetis?

227 4346 470 4417 Puruornnrvs.
487 4384 532 4399 -
549 4348 646 4416 Mitte
664 4355 797 4434 poetas.
819 4349 922 4416 siout.
939 4371 974 4416 n.
988 4370 1054 4436 pro
1074 4353 1160 4419 loeis
1176 4354 1307 4422 seirnus
