3344 5124
676 410 857 473 -117-

199 552 250 657 nij
280 551 453 633 homines
481 556 546 659 qui
574 579 657 633 eam
686 557 888 635 vendicare
915 554 1091 636 nituntur
1118 557 1142 636 t
1167 558 1328 660 quadam

200 680 418 785 apparentis
437 681 637 761 inculturae
655 682 806 761 iniuria.

383 942 436 1010 De
459 945 710 1030 compositione
732 943 891 1030 quotibet
912 961 959 1011 co
981 946 1142 1029 quinque

530 1077 714 1142 elementis
735 1074 991 1160 procontanda.

729 1307 795 1386 vi.

247 1568 326 1648 Pro
345 1570 556 1674 composito
573 1570 741 1676 quinque
755 1566 1044 1664 elementorum,
1062 1595 1139 1650 non
1154 1569 1327 1675 estquod

191 1717 335 1775 nonum
363 1698 504 1798 aliquid
533 1697 779 1792 adducamus,
797 1697 865 1776 sed
892 1697 992 1801 quod
1014 1698 1216 1802 propositis
1236 1703 1325 1776 vta·

192 1847 279 1903 mur
307 1823 369 1905 rel
396 1827 456 1930 (vt
479 1825 628 1930 planius
647 1824 787 1930 dicam)
804 1829 1026 1906 coutamur:
1046 1825 1170 1905 aliter.
1190 1848 1229 1903 n.
1248 1849 1326 1904 non

194 1954 364 2033 accidere
378 1958 522 2058 potestt
551 1978 664 2057 quam
693 1954 840 2032 duobus
866 1953 1044 2058 proxime
1071 1955 1181 2033 dietis
1204 1953 1327 2033 modis

191 2084 519 2162 concurrentibus.
540 2083 683 2185 thotri
710 2108 826 2187 super
852 2083 990 2162 additis
1009 2108 1028 2162 s
1047 2079 1088 2162 u
1105 2107 1130 2161 r
1147 2084 1189 2161 in
1216 2107 1327 2186 quar·

191 2219 273 2289 tum
292 2210 538 2301 elementum,
557 2216 596 2289 et
614 2210 970 2290 intermediantibns
996 2236 1047 2289 na
1065 2208 1104 2289 <to
1123 2237 1148 2291 n
1166 2211 1205 2289 in
1221 2211 1328 2314 quin·

195 2342 300 2419 tumr
320 2345 363 2417 rt
381 2340 420 2417 in
439 2339 719 2419 combinatione
737 2365 852 2419 ranas
870 2340 912 2417 in
931 2339 1053 2443 prima
1071 2338 1325 2418 combinatio-

189 2465 247 2545 nis
265 2490 526 2548 rnunsnorvu.
545 2468 586 2547 in
606 2468 742 2548 vltima
759 2465 1050 2548 combinationis
1068 2490 1273 2547 sorranus.

711 2728 800 2808 VII.

477 2897 523 2919 ω

398 2983 450 3051 Dc
472 2987 728 3069 compositione
746 2986 906 3072 quolibet
928 3004 975 3053 ern
994 2985 1115 3071 ptura·-

614 3119 679 3186 oue
702 3120 895 3187 elementia.

243 3357 320 3435 Pro
344 3380 419 3435 vno
437 3364 567 3437 autem
586 3356 647 3436 vel
666 3358 813 3438 duobus
832 3359 1148 3462 particularibus,
1169 3360 1324 3438 iisdem-

189 3509 262 3588 que
292 3486 447 3565 minime
475 3487 711 3567 celebribus:
748 3488 839 3592 quid
867 3512 962 3593 opus
991 3493 1049 3566 est
1076 3488 1184 3567 nobis
1212 3514 1324 3568 curas

188 3614 357 3693 excitare
375 3615 407 3693 si
427 3615 503 3693 sint
517 3641 565 3694 ex
583 3616 759 3719 pluribus
778 3624 977 3720 compacta
991 3616 1213 3696 elementist
1232 3618 1325 3696 Haec

188 3741 274 3844 ipsa
291 3741 451 3820 minima
478 3743 694 3822 conditione
723 3743 873 3838 addita,
893 3748 1058 3846 quatuor
1078 3743 1139 3822 vel
1159 3745 1325 3848 quinque

188 3872 423 3975 presentanti
443 3875 667 3978 compositio
687 3879 869 3978 poterunt
898 3873 1097 3952 commode
1124 3872 1325 3950 insinuari.

185 3998 294 4077 Talia
322 4025 414 4078 vero
442 4002 568 4080 nescio
595 4028 644 4080 an
673 4004 750 4079 sint
778 3999 888 4105 plura
915 4009 1058 4105 praeter
1086 4000 1187 4079 istud
1207 4024 1325 4078 vuum

186 4147 335 4216 sonans,
364 4126 472 4205 cuins
500 4135 629 4207 tamen
658 4127 1014 4206 rememorationem
1041 4127 1167 4205 facere
1197 4129 1325 4229 potest

186 4254 437 4356 compositum
464 4281 513 4334 ex
540 4257 708 4360 quinque
735 4278 871 4334 sonora
900 4260 1054 4358 propter
1081 4278 1191 4334 suam
1215 4251 1320 4331 vocis

187 4379 427 4461 affinitatem.
