3344 5124
814 384 998 447 ..166-

349 535 553 638 cipiuntur‚
573 536 635 612 hic
653 534 734 612 sine
753 532 994 636 simplicitate
1013 534 1259 612 terminorum
1280 529 1478 635 simplicio·

346 686 432 741 rum
451 686 528 741 non
548 662 706 767 exprimi
728 657 911 765 possunt).
933 658 1107 738 Secundo
1125 659 1166 739 in
1194 658 1475 738 enuntiationes

346 785 594 865 efformandas
615 812 681 865 seu
700 784 952 889 complendas,
970 785 1069 887 quod
1089 789 1146 863 est
1174 810 1261 863 cum
1289 782 1474 862 terminus

346 937 445 994 unus
466 914 525 993 vel
545 914 672 1017 plures
690 915 736 991 de
754 937 829 991 vno
847 911 907 990 vel
928 913 975 990 ab
995 936 1085 1001 vno,
1101 911 1161 989 vel
1180 911 1226 990 de
1245 915 1311 990 aut
1325 911 1349 988 a
1362 909 1476 1013 pluri·

344 1037 415 1118 bus
426 1039 616 1122 dicuntur.
627 1041 755 1119 Tertio
770 1038 809 1116 in
825 1038 1017 1116 discursus
1032 1037 1259 1115 ordinandos
1273 1059 1360 1114 cum
1375 1059 1473 1113 com·

344 1166 468 1269 plexio
488 1166 650 1249 efficitur
667 1194 715 1247 ex
730 1166 935 1271 complexis
950 1170 993 1244 vt
1008 1166 1169 1269 propriis
1182 1163 1373 1243 membris:
1386 1187 1472 1241 cnm

343 1299 549 1400 composita
569 1296 607 1373 in
623 1294 841 1373 ulteriorem
856 1297 1132 1371 connectentur
1146 1290 1470 1394 compositionem.

346 1419 454 1500 Sicut
481 1423 506 1500 a
532 1421 697 1527 physicis
724 1423 845 1527 primo
873 1421 995 1498 forma
1022 1421 1161 1499 dicitur
1188 1419 1366 1497 aduenire
1386 1443 1471 1496 ma·

342 1547 450 1627 teriae
484 1549 524 1626 in
553 1550 720 1654 corporis
749 1547 930 1652 simplicis
958 1550 1296 1652 compositionem,
1334 1572 1471 1650 corpus

342 1672 475 1752 deinde
493 1675 654 1778 simplex
673 1677 710 1753 in
731 1677 839 1753 mixti
855 1677 1065 1780 imperfecti
1081 1677 1366 1755 conlectionem.
1385 1675 1472 1754 Om-

343 1798 408 1877 nia
425 1799 608 1903 simplicia
627 1800 742 1880 simul
758 1800 851 1879 hinc
865 1801 1060 1905 inperfecti
1077 1802 1196 1892 nerui,
1214 1801 1304 1879 hinc
1318 1801 1359 1878 in
1374 1801 1470 1879 ossis

342 1925 519 2030 perfecti,
540 1928 627 2006 hinc
645 1928 683 2005 in
711 1927 887 2032 perfectae
916 1929 1040 2007 carnis
1068 1929 1352 2032 productionem
1382 1954 1471 2032 quae

341 2061 468 2156 partes
497 2080 715 2160 omogeneae
742 2055 991 2160 appellantur.
1022 2057 1162 2137 Omnes
1191 2057 1251 2134 hae
1274 2064 1401 2162 partes
1428 2058 1467 2136 in

338 2179 411 2258 hoo
431 2176 471 2260 lic
491 2181 582 2260 illud
602 2182 894 2285 etherogeneum
911 2186 1124 2263 membrum
1143 2185 1464 2277 constituendum,

341 2314 384 2386 vt
401 2308 441 2387 in
469 2316 583 2412 caput
610 2305 650 2389 lic
678 2311 834 2390 brachia
863 2318 1108 2391 concurrunt.
1137 2312 1285 2392 Cuncta
1312 2314 1466 2390 tandem

341 2438 510 2516 membra
534 2439 574 2516 in
595 2439 705 2518 vnius
724 2441 956 2519 conueniunt
975 2466 1111 2545 corpus
1130 2441 1339 2519 animatum
1368 2465 1467 2519 oom-

339 2560 589 2664 plectendum.
608 2563 721 2643 Haud
740 2565 850 2644 aliter
878 2569 916 2643 in
936 2566 1065 2644 formis
1084 2564 1124 2646 e
1143 2568 1299 2646 adiectis
1326 2567 1466 2645 accidit

338 2695 423 2791 post
450 2688 658 2793 simplicem
686 2690 950 2770 formationem
981 2695 1024 2770 ad
1055 2695 1228 2796 primam,
1258 2698 1305 2775 ab
1325 2697 1398 2773 hac
1416 2696 1463 2773 ad

339 2817 552 2911 secundam,
568 2817 616 2895 ah
632 2819 702 2896 hac
718 2820 765 2896 ad
780 2821 944 2913 tertiam,
960 2817 1000 2898 a
1015 2821 1103 2899 hinc
1119 2822 1164 2898 ad
1181 2821 1273 2899 alias
1289 2850 1356 2926 pro
1376 2829 1460 2904 sub·

340 2943 522 3022 lectorum
537 2947 746 3048 capacitate
761 2948 1039 3050 complexiones
1055 2951 1246 3028 faciendas
1262 2954 1467 3053 proficisci·

341 3093 436 3149 mur.
449 3069 558 3154 Quod
569 3073 600 3149 si
614 3078 756 3152 tantam
767 3073 1028 3178 integramque
1040 3079 1336 3181 complexionem
1349 3107 1465 3159 vnum

339 3222 415 3276 non
443 3224 577 3303 capere
605 3203 750 3302 possint
777 3205 1009 3299 subiectum,
1030 3209 1096 3282 liat
1124 3207 1280 3283 subiecti
1302 3208 1465 3309 primum

338 3323 547 3426 complexio
576 3352 662 3405 cnm
690 3330 877 3425 subiecto,
908 3331 968 3408 vel
996 3333 1250 3411 subiectorum
1279 3336 1464 3412 connexio

336 3479 423 3534 oum
437 3456 630 3536 subiectis:
650 3463 832 3537 uteorum
850 3458 1138 3563 applicationem
1155 3463 1289 3563 quibus
1310 3462 1353 3539 fit
1368 3464 1465 3541 adie-

337 3583 433 3677 ctio,
453 3582 653 3688 applicatio
673 3609 801 3664 eorum
831 3613 914 3689 qnae
943 3588 1170 3669 adiiciuntur
1198 3595 1463 3692 consequatur.

337 3711 467 3813 ltaque
487 3712 575 3789 dum
596 3712 810 3792 successiue
829 3740 946 3792 naues
968 3715 1005 3791 in
1026 3717 1151 3817 pontis
1172 3717 1331 3794 formam
1352 3718 1464 3795 naui-

334 3838 405 3918 bus
420 3838 676 3918 cohaerebunt:
692 3841 801 3918 siccis
816 3841 1102 3944 Hellespontum
1118 3844 1284 3922 traiicies
1296 3844 1461 3947 pedibus.
