3368 5122
842 351 1001 425 ...124

348 495 416 582 fiat
434 527 621 582 accessus.
649 500 771 587 Quem
790 498 961 579 ordinem
980 521 1068 576 cum
1096 497 1174 575 suis
1194 493 1386 599 gradibus,
1417 494 1480 599 qui

350 638 475 708 mento
493 628 722 731 conceperit:
743 628 1027 705 similitudinem
1041 628 1170 730 magni
1185 625 1316 704 mundi
1335 629 1483 703 coutra-

350 759 416 835 het
435 758 549 835 aliam
569 758 616 834 ab
636 782 682 833 ea
701 781 814 859 quam
833 755 1044 832 secuudum
1063 761 1239 830 naturam
1255 752 1369 829 habet
1383 752 1422 829 iu
1440 778 1481 830 se
1530 799 1533 803 -

346 888 440 987 ipso.
461 885 570 962 Vnde
589 885 695 988 quasi
717 910 783 988 per
802 891 979 961 naturam
998 910 1137 988 agens:
1157 885 1240 961 siue
1258 879 1480 962 difficultate

347 1019 507 1117 peraget
524 1012 718 1091 uniuersa.

773 1265 947 1310 CONCEPTVS
963 1265 1001 1309 lll.
1021 1265 1039 1307 C

401 1466 500 1553 Qvia
518 1468 555 1544 in
576 1467 622 1545 iis
650 1493 736 1571 quae
753 1493 903 1572 semper
923 1470 1019 1547 fiunt
1037 1495 1112 1548 nou
1141 1477 1198 1548 est
1218 1468 1448 1548 consultatio
1466 1527 1476 1562 ,

345 1593 385 1676 dr
398 1597 692 1701 argumentatio.
712 1596 753 1675 Si
771 1597 912 1702 aliquid
933 1600 1237 1678 demonstratum
1251 1598 1366 1676 luerit
1380 1621 1478 1676 sem·

346 1748 412 1828 per
430 1725 527 1803 idem
549 1724 684 1803 lacere:
703 1728 810 1803 actus
829 1727 1175 1828 argumentationis
1190 1727 1337 1806 tollitur
1355 1729 1476 1820 abeo,

348 1848 549 1930 tollitur&
568 1852 779 1929 consilium.
807 1852 881 1930 Sed
902 1860 942 1930 vt
969 1855 1133 1957 quadam
1153 1854 1276 1932 forma
1294 1880 1336 1932 se
1354 1855 1477 1955 ipsam

347 1979 448 2056 foras
468 1979 575 2082 quasi
604 1979 829 2056 naturaliter
858 1980 1092 2081 exprimente
1122 1981 1182 2058 vel
1202 1980 1346 2084 aliquid
1366 1981 1477 2056 esua

345 2111 484 2184 natura
512 2105 739 2207 explicante,
759 2102 799 2184 dr
826 2104 1055 2199 elluudente,
1083 2134 1198 2212 opera
1217 2134 1286 2185 sua
1315 2106 1475 2211 perficit.

344 2235 404 2312 Ad
436 2235 543 2312 cuius
576 2233 769 2337 operantis
803 2235 1088 2314 similitudinem
1136 2238 1291 2340 propius
1329 2235 1476 2314 accedit

345 2363 443 2465 quod
464 2363 562 2440 idem
591 2362 863 2466 utplurimum
883 2361 923 2442 dr
951 2364 1253 2467 frequentissime
1281 2370 1473 2467 operatur.

344 2491 430 2568 Fiet
443 2492 545 2570 enim
562 2498 603 2567 vt
623 2492 760 2585 miuus,
769 2491 998 2595 minimeque
1013 2494 1185 2595 cogitans
1200 2488 1240 2570 dr
1254 2493 1476 2586 decernens,

343 2617 382 2692 in
412 2615 634 2718 perfectum,
663 2617 968 2720 exquisitumque
987 2623 1115 2696 actum
1136 2620 1305 2721 prodeat.
1326 2618 1399 2704 Qui
1419 2643 1477 2695 er·

343 2768 393 2844 go
412 2743 451 2821 iu
469 2743 551 2821 loco
570 2743 779 2821 consistens
802 2750 915 2848 atque
944 2754 1125 2847 tempore,
1154 2746 1178 2822 a
1205 2744 1285 2822 loco
1306 2744 1473 2821 rationes

342 2871 515 2948 idearum
535 2870 710 2949 absoluat
737 2876 850 2972 atquc
878 2876 1069 2975 tempore:
1098 2872 1235 2949 diuinis
1264 2873 1415 2949 entibus
1434 2872 1473 2948 in

342 2999 421 3076 suis
440 3000 617 3103 operibus
636 2999 945 3094 conformabitur,
960 3000 1042 3077 siue
1061 3000 1108 3077 ad
1126 2998 1359 3077 intellectum
1379 3023 1469 3101 per·

344 3123 506 3217 liceant,
526 3124 608 3202 siue
627 3126 672 3201 ad
694 3124 924 3203 voluntates.
945 3126 986 3201 ld
1006 3125 1166 3202 fortasse
1185 3123 1346 3203 laciebat
1360 3124 1391 3202 is
1407 3125 1472 3227 qui

341 3251 449 3328 dixit.
483 3251 524 3329 lu
551 3246 673 3331 ouans
701 3257 963 3332 consistermus
991 3276 1063 3330 xor
1093 3276 1288 3331 sucvuovu
1321 3275 1471 3331 cuasam

341 3404 504 3458 mviuvs.

770 3635 944 3679 CONCEPTVS
954 3637 1009 3681 llll.
1029 3637 1048 3680 1>

395 3836 504 3922 Qvod
523 3840 553 3917 si
575 3841 752 3942 possibile
771 3851 961 3947 astatque
990 3868 1150 3922 verum:
1179 3843 1473 3921 intellectualem

340 3966 490 4044 animan
512 3992 590 4045 nou
612 3970 701 4046 vere'
719 3969 876 4048 insitam
895 3975 1010 4075 atque
1038 3972 1209 4063 infixam,
1233 3971 1471 4049 insuia-ten·
1558 4048 1560 4054 ,

338 4099 491 4196 temque
509 4085 657 4197 corpori
678 4097 766 4174 licet
784 4099 1082 4200 apprehendere:
1102 4098 1166 4175 sed
1187 4103 1275 4176 vere
1296 4104 1338 4174 vl
1365 4097 1469 4174 adsi·

337 4225 502 4296 stentem
522 4217 562 4298 dr
581 4223 882 4323 gubernantem:
911 4226 964 4301 ita
986 4231 1026 4301 vl
1044 4224 1251 4329 perfectam
1271 4229 1295 4301 a
1313 4247 1473 4327 corpore

337 4368 510 4422 seorsum
528 4372 595 4450 pre
609 4373 651 4425 se
670 4347 768 4426 ferre
783 4349 902 4453 possit
917 4352 1094 4453 speciem.
1106 4349 1179 4430 Cui
1192 4349 1390 4429 sententiae
1409 4348 1473 4454 (si-
