3344 5124
749 451 932 514 438-

282 627 301 675 ‹
319 622 416 693 sum,
427 597 692 700 internamque
706 596 879 675 obtutum
890 595 1123 700 dispergunt.
1135 594 1419 676 Extrinsecum

280 725 454 831 «quippe
472 725 624 805 oculum
641 748 721 803 non
740 728 882 817 mouet,
901 722 964 801 vel
983 722 1084 802 lente
1102 728 1238 803 mouet
1265 748 1419 818 musca,

283 877 425 957 ‹aegre
453 854 544 932 verd
573 851 733 931 formam
761 875 871 930 suam
890 849 1061 928 insinuat
1078 851 1190 956 gigas
1209 851 1249 930 in
1269 874 1419 954 magno

279 1008 297 1053 ‹
318 979 462 1084 pariete
480 978 664 1082 depictus.
679 978 737 1057 Ad
753 978 1054 1056 mediocritatem
1071 1003 1161 1082 ergo
1176 978 1417 1057 contrahan-

279 1118 380 1189 ‹tur
407 1109 614 1214 ampliora,
634 1104 674 1188 dr
694 1108 948 1188 extendantur
976 1108 1128 1212 exigua.
1156 1107 1244 1187 ldeo
1265 1107 1429 1186 dicitur·

282 1237 357 1316 ‹in
377 1236 472 1315 libro
491 1234 610 1316 clauis
630 1234 889 1339 magnae.·Aut
908 1234 1067 1323 modica,
1087 1238 1154 1320 aul
1172 1233 1413 1313 modificata.

282 1369 399 1444 «Aut
416 1363 639 1466 magnifica,
659 1366 727 1441 aut
744 1361 999 1466 magnificata:
1021 1363 1118 1440 vnde
1145 1361 1237 1441 licet
1268 1363 1414 1442 elicere

279 1524 297 1570 ‹
316 1492 417 1597 quod
436 1493 559 1595 ipsum
579 1490 787 1568 secundum
805 1514 846 1565 se
865 1489 1066 1582 modicum,
1086 1484 1126 1568 dr
1145 1489 1342 1592 impotens
1361 1490 1411 1568 ad

278 1620 570 1699 ‹mouendumz
606 1615 787 1696 beneflcio
824 1617 1112 1696 concomitantia
1140 1617 1246 1695 reddi
1278 1624 1412 1722 potest

283 1770 501 1851 <magnum
519 1752 633 1850 atque
652 1750 798 1850 potens.
817 1742 977 1824 Scotum
996 1741 1037 1826 dr
1056 1745 1219 1824 cadauer
1237 1770 1414 1848 praesen·

276 1905 296 1953 ι
314 1876 410 1956 tabit
422 1897 604 1969 muscam,
619 1873 855 1977 sagittarius,
870 1873 1000 1977 sagitt.
1016 1872 1132 1953 Sutor
1145 1897 1274 1969 acum,
1290 1873 1414 1978 scrip·

280 2008 378 2084 ‹tor
396 2002 597 2084 calamum.

764 2264 788 2361 ς
819 2260 902 2338 1111.

326 2519 433 2608 Quod
453 2520 501 2598 ad
529 2520 749 2624 qualitatem
780 2518 966 2620 pertinet,
986 2516 1077 2596 illud
1107 2518 1145 2595 in
1175 2517 1411 2596 memoriam

271 2649 526 2728 reuocandum
555 2652 634 2727 est:
664 2647 762 2752 quod
789 2646 884 2725 tales
913 2646 1096 2752 eligendae
1123 2650 1215 2724 sunt
1242 2644 1406 2739 formae,

271 2773 400 2878 quales
420 2775 719 2865 admirationem,
740 2773 928 2867 timorem,
948 2797 1129 2864 amorem,
1150 2796 1271 2875 spem,
1285 2774 1407 2852 abho·

267 2901 529 3000 minationem,
545 2903 761 3005 similesque
781 2903 875 2980 alios
894 2902 974 2979 eius
995 2900 1144 3003 generis
1159 2897 1322 2977 affectus
1342 2925 1406 2978 va·

270 3029 373 3107 leant
391 3031 526 3109 accire.
547 3031 655 3118 Quod
675 3033 704 3108 si
727 3032 852 3134 imago
872 3030 944 3108 hoc
963 3029 1086 3133 ipsum
1105 3028 1151 3105 de
1171 3027 1231 3104 sui
1257 3036 1400 3105 natura

272 3180 348 3233 non
368 3161 544 3257 praestet:
565 3157 679 3235 faciat
698 3163 764 3234 tua
783 3157 1038 3250 institutione,
1058 3154 1335 3247 destinatione,
1359 3151 1399 3232 da

272 3288 476 3366 secundum
498 3313 617 3391 genus
634 3288 895 3392 applicatione.
912 3287 969 3363 lta
984 3285 1085 3363 enim
1099 3290 1287 3360 mortuam
1304 3282 1398 3360 ima·

267 3413 392 3516 ginem
414 3414 503 3517 (nisi
522 3415 723 3493 admodum
740 3413 886 3492 hebetis
903 3418 1009 3490 estes
1025 3409 1183 3514 ingeuij)
1198 3408 1400 3487 uiuificare

267 3542 418 3642 poteris,
436 3542 535 3618 Hinc
556 3542 585 3618 si
608 3568 654 3620 ex
675 3543 872 3620 hominum
892 3566 1031 3643 genere
1052 3539 1170 3641 magis
1191 3537 1259 3614 tibi
1276 3543 1401 3633 notos,

267 3671 382 3769 alque
401 3669 578 3761 celebres,
600 3674 872 3761 monstruosos,
894 3667 1084 3771 pulchros,
1109 3665 1276 3758 dilectos,
1296 3690 1396 3743 exo·

242 3773 245 3780 ⁴
267 3818 328 3870 sos
344 3817 473 3872 omnes
489 3797 678 3873 adsumas:
694 3795 829 3874 melius
844 3820 916 3874 usu
933 3795 1065 3872 venire
1080 3797 1270 3895 poterunt.
1283 3791 1401 3869 cum·

268 3949 341 4026 que
369 3925 442 4003 duo
470 3926 546 4004 siut
565 3952 706 4030 genera
725 3926 954 4018 formarum,
975 3923 1142 4001 animata
1162 3916 1402 3997 videlicet&

267 4048 505 4131 inanimata:
541 4054 663 4156 prima
695 4057 878 4154 praestent
909 4050 1094 4127 secundis.
1129 4047 1403 4124 Animatorum

266 4204 417 4283 quoque
446 4183 530 4258 crim
552 4183 637 4259 duae
656 4182 733 4258 sint
751 4180 915 4283 species,
941 4177 1139 4256 rationalia
1158 4173 1337 4252 videlicet
1358 4173 1401 4254 81

265 4303 521 4385 irrationalia:
541 4309 663 4412 prima
681 4309 888 4386 secundum
907 4331 1058 4384 omnem
1077 4304 1230 4381 modum
1251 4326 1395 4405 praece·

265 4428 359 4508 dunt
377 4433 566 4512 uniuersa.
589 4434 684 4536 Ipsis
704 4432 805 4511 enim
825 4437 947 4510 omnis
967 4433 1088 4526 actio,
1111 4430 1233 4509 omnis
1252 4432 1399 4534 passio,

266 4563 407 4655 motus,
427 4560 549 4640 omnis
567 4560 723 4639 tandem
742 4585 834 4639 vaus
853 4564 978 4664 potest
996 4556 1213 4639 conuenire.
