3344 5124
173 571 233 639 ΘΑ
256 569 379 638 Huebal

174 678 231 746 GE
252 678 369 764 ciclops

174 788 220 857 GI
252 786 441 855 Theodoram

175 896 233 966 GO
257 895 379 963 Perdix

174 1006 234 1074 GV
256 1004 354 1073 Talus

172 1227 233 1294 ΗΑ
257 1224 443 1293 Theodotus

172 1336 231 1403 ΗΕ
255 1337 368 1423 Parug

171 1447 218 1513 HI
253 1444 380 1513 Semeol

171 1553 231 1622 ΗΟ
255 1554 430 1641 Seueippue

171 1666 233 1734 HV
254 1665 422 1732 Lusciniua

171 1882 231 1950 GA
254 1882 431 1952 Choraebus

172 1990 228 2060 GE
251 1993 413 2059 Barcham

140 2144 147 2155 -
170 2101 214 2170 ol
250 2101 374 2170 Closter

170 2209 229 2278 GO
251 2210 405 2298 Aracgne

169 2316 229 2388 GV
251 2320 386 2387 Boetius

168 2538 230 2605 HA
252 2539 387 2625 Phrigio

169 2648 227 2714 HE
252 2647 395 2716 caathar

169 2762 215 2828 HI
245 2761 376 2828 Procon

168 2870 227 2937 ΗΟ
250 2871 461 2940 Licarnassus

167 2982 229 3049 HV
252 2982 375 3051 chares

165 3199 212 3267 ΙΑ
246 3199 334 3267 Abas

165 3306 208 3373 ΙΕ
243 3306 352 3375 Stram

165 3417 196 3483 II
241 3416 354 3486 crates

164 3525 208 3592 IO
242 3525 404 3611 Arphalus

164 3638 212 3704 1v
238 3637 419 3706 Dubitrides

162 3859 226 3926 ΚΑ
240 3860 412 3929 Hermahel

162 3961 223 4038 ΚΕ
238 3972 409 4042 Ramesses

162 4082 211 4147 KI
241 4082 345 4149 Minos

162 4191 223 4258 ΚΟ
239 4192 377 4258 Dedalos

162 4302 226 4367 KV
241 4303 381 4391 Glycera

647 429 829 493 „125-

760 572 798 638 In
821 571 987 639 fornacem
1010 571 1105 640 calcis

763 679 802 745 In
823 678 940 745 turrim

766 788 803 854 In
826 787 970 855 Torhum

764 899 797 962 in
821 897 993 965 crocinum

760 1008 793 1072 in
809 1007 941 1075 Serram
1078 1018 1084 1028 '

770 1230 805 1294 in
827 1228 991 1298 terebram

766 1341 801 1406 in
824 1339 974 1408 malleum

764 1449 798 1515 in
820 1449 954 1536 praalum

762 1558 795 1622 in
817 1557 903 1625 dolia

762 1669 796 1735 in
818 1666 924 1736 dolam

757 1881 877 1971 figulus

759 1994 884 2061 Lanam
905 1997 1070 2083 intorquet

755 2103 809 2170 fila
833 2103 959 2172 orditur

763 2214 846 2281 texit

764 2322 864 2390 Sutor

762 2541 971 2612 carminator

761 2653 795 2717 in
818 2649 944 2717 calceos

759 2768 791 2831 in
814 2766 938 2832 vitrum
962 2784 1005 2832 ex
1026 2764 1135 2831 herbis

762 2879 795 2943 in
820 2877 959 2964 forcipes

760 2990 793 3055 in
816 2988 1029 3058 chirothecas

758 3210 879 3296 capitis
901 3214 1016 3277 tonsor

759 3319 793 3383 in
815 3317 1007 3383 nouaculam

756 3427 882 3494 Aurum
905 3426 982 3492 terit

758 3537 886 3601 inaurat

754 3650 788 3713 in
810 3646 945 3733 lagenas

758 3869 792 3935 in
815 3869 958 3954 pectines

759 3981 792 4045 in
815 3981 940 4065 Tapeta

759 4090 868 4157 Nauia

754 4202 788 4265 in
808 4203 983 4266 antennam

758 4308 901 4377 Coronat

1249 2106 1294 2174 43

1254 2320 1298 2389 45

1252 2542 1299 2609 46

1256 2651 1300 2717 47

1251 2766 1295 2832 48

1256 2877 1300 2943 49

1256 2986 1301 3054 50

1255 3207 1296 3273 51

1256 3313 1301 3379 52

1255 3422 1300 3488 53

1255 3531 1300 3597 54

1254 3643 1299 3710 55
