3344 5124
763 357 943 418 -174-

597 613 754 697 ARTIS
782 612 1100 696 ESPLIOATIO.

335 869 422 952 Sint
439 872 478 951 iu
507 871 683 951 subiectis
702 870 741 947 in
760 869 936 949 animatis
955 870 1124 949 animata
1142 869 1334 948 subiecta:
1355 896 1415 949 ea·

281 998 442 1106 demque
462 1000 540 1078 lixa
559 1003 600 1076 vt
618 996 766 1077 deloco
784 997 831 1074 ad
848 995 975 1077 locum
993 1022 1070 1077 nou
1088 997 1348 1102 egrediantur.

332 1125 509 1205 Habeant
535 1125 744 1205 inanimata
763 1124 930 1203 subiecta
950 1124 1115 1230 quinque
1132 1124 1271 1204 locales
1300 1122 1411 1204 diffe-

281 1252 425 1332 rentias
443 1253 541 1333 vnde
559 1251 737 1331 animalia
755 1255 863 1330 muta
881 1275 1016 1330 sonum
1036 1251 1222 1331 emittant.

336 1380 478 1460 Adsint'
493 1382 695 1486 unicuique
712 1381 881 1460 animato
905 1380 1072 1459 subiecto
1100 1406 1245 1485 organa
1272 1379 1411 1483 viginti

281 1512 442 1609 quatuor
459 1506 523 1587 vel
539 1509 696 1610 triginta
709 1509 933 1612 specierum,
948 1508 1083 1611 quibus
1101 1507 1150 1585 ad
1168 1508 1287 1586 dictas
1302 1506 1406 1610 qnin-

226 1716 234 1730 ,
280 1659 352 1740 que
371 1634 509 1714 locales
528 1661 680 1715 versum
699 1635 940 1715 differentias:
969 1660 1038 1740 pro
1057 1635 1264 1738 indigentia
1293 1643 1407 1739 atque

278 1761 503 1843 necessitate
521 1763 708 1865 exprimat
726 1762 983 1866 exprimenda.

330 1887 503 1969 Sufficiat
520 1896 649 1969 autem
668 1889 735 1967 tibi
752 1887 920 1992 singulos
936 1913 1052 1967 vnum
1067 1914 1200 1967 sonum
1216 1888 1405 1967 emittere.

277 2015 437 2121 Experti
458 2020 594 2123 quippe
612 2041 744 2097 sumus
762 2018 881 2096 satius
900 2042 983 2095 esse
1001 2023 1117 2122 atque
1131 2016 1340 2096 consultius
1357 2017 1403 2094 ad

148 2170 151 2175 ⁴
275 2145 531 2249 appositorum
550 2144 831 2239 firmitudinem,
851 2145 1030 2224 subiectis
1051 2145 1179 2223 multis
1209 2144 1401 2241 audacter,

133 2299 138 2311 “
279 2295 392 2374 quam
410 2270 540 2376 paucis
559 2271 766 2351 hesitanter
786 2272 934 2374 operari
954 2294 1040 2350 cum
1059 2271 1271 2350 formidine.

300 2378 484 2504 'Organa
512 2404 676 2503 quatuor
703 2423 885 2502 generum
912 2398 1064 2479 habeto.
1096 2398 1228 2476 Prima
1255 2397 1406 2502 quidem

275 2525 409 2628 quibus
428 2532 516 2630 apte
534 2527 581 2605 ad
601 2528 798 2606 dexteram
818 2525 857 2606 dr
876 2527 924 2604 ad
943 2525 1093 2604 laeuam.

328 2651 501 2731 Secunda
534 2654 668 2756 quibus
700 2677 863 2730 sursum.
892 2653 1019 2730 Tertia
1052 2652 1187 2756 quibus
1215 2653 1404 2731 deorsum.

274 2775 419 2863 Quarta
434 2781 568 2884 quibus
583 2782 623 2858 in
638 2787 840 2884 conspectu
850 2782 1066 2885 peragenda
1076 2782 1247 2884 perficiat
1261 2784 1402 2861 animal

275 2907 469 2986 rationale.

327 3032 575 3113 Commodum
593 3034 710 3136 igitur
729 3033 896 3113 futurum
918 3061 1000 3114 asse
1019 3036 1131 3114 credo
1148 3033 1187 3114 dr
1203 3035 1334 3114 maiori
1352 3038 1399 3114 ef·

273 3159 413 3239 lectum
432 3160 607 3254 solertia,
627 3163 659 3238 si
678 3161 828 3266 singula
847 3187 1005 3266 quaeque
1025 3163 1073 3240 ad
1092 3163 1212 3241 dictas
1236 3167 1399 3268 quinque

271 3286 501 3369 differentias
521 3295 742 3393 perpetuum
763 3291 927 3369 habeant
945 3316 1151 3395 organum,
1171 3293 1269 3394 quod
1289 3294 1401 3373 nouis

270 3416 463 3518 speciebus
482 3417 775 3496 aduentantibus
793 3424 980 3498 mouetur.

322 3543 400 3623 Pro
418 3546 669 3626 mediantibus
689 3546 884 3625 elementis
917 3548 1159 3650 designandis
1188 3549 1399 3628 emicante
1491 3650 1496 3660 .

268 3669 424 3774 regione
451 3673 490 3751 in
514 3679 734 3778 operantem
752 3674 886 3753 formae
905 3673 1000 3753 tales
1021 3700 1105 3779 quae
1124 3699 1159 3752 n.
1177 3698 1215 3751 a.
1237 3672 1277 3753 dr
1295 3702 1333 3754 u.
1353 3676 1398 3752 si·

267 3798 458 3900 gnificeut.

319 3927 397 4005 Pro
407 3928 719 4032 consequentibus
735 3954 826 4008 vero
842 3928 925 4007 aliis
940 3929 1194 4032 designandis,
1216 3930 1292 4007 sint
1312 3956 1396 4034 quas

266 4051 332 4130 tibi
347 4055 549 4156 praesentia
564 4055 704 4133 faciant
719 4082 785 4159 pro
805 4058 1058 4134 terminatiuis
1070 4059 1106 4132 in
1123 4057 1270 4150 Latine,
1288 4059 1390 4136 Gree-

265 4205 322 4275 co,
343 4181 435 4260 ltalo
454 4181 636 4284 Hispane,
657 4180 697 4261 ἂι
717 4184 827 4262 Gallo
850 4184 1042 4263 Sermone.

319 4333 1281 4390 namuusuouounlmunou
