3344 5124
858 358 1018 419 -78-

369 502 505 608 figura:
513 503 602 583 dum
617 503 801 583 formator
814 502 1033 606 designatus
1046 527 1115 607 per
1128 502 1499 610 elementumltper

365 628 545 707 informes
558 653 803 708 numerorum
818 628 1353 735 elementorumquediscurrit
1366 630 1498 710 circui·

363 761 439 850 tus,
454 753 495 836 ἃ
509 758 819 868 semidiametros.
835 756 959 834 Aliam
978 756 1057 860 ipse
1072 757 1235 861 figuram
1245 781 1314 860 per
1326 757 1497 836 Arietem

363 885 556 990 imprimit:
569 887 683 965 aliam
702 912 768 991 per
787 888 967 980 Taurum3
987 885 1080 964 alias
1100 909 1246 988 quoque
1265 910 1334 989 per
1353 885 1497 990 reliqua

363 1013 633 1107 omniaAliam
647 1038 713 1115 per
723 1013 880 1091 arietem
895 1012 1017 1090 denuo
1029 1036 1115 1091 oum
1126 1011 1291 1090 Saturno
1305 1019 1496 1092 reuerten-

359 1145 448 1225 tem.
464 1140 576 1220 aliam
591 1165 675 1220 cum
695 1142 818 1220 Marto
833 1140 1115 1242 rernigrantem
1136 1137 1250 1217 aliam
1266 1164 1354 1219 oum
1371 1141 1442 1219 hoc
1456 1137 1497 1220 ἃ

363 1268 440 1347 illo:
460 1269 573 1347 aliam
593 1268 675 1347 sine
693 1269 767 1346 hoc
787 1265 826 1347 eb
845 1267 920 1345 illo.
941 1266 1050 1344 Vnde
1070 1266 1110 1344 in
1129 1265 1319 1344 infinitum
1339 1271 1499 1371 possunt

358 1395 515 1474 formari
532 1391 571 1473 b
586 1395 795 1491 reformari,
811 1395 891 1474 siue
904 1393 1049 1472 numeri
1068 1393 1152 1498 ipsi,
1167 1393 1324 1497 ipsaque
1339 1393 1497 1472 elemen-

358 1527 414 1614 ta,
434 1523 515 1601 siue
533 1522 604 1625 ipsi
623 1523 874 1602 diuersimode
893 1522 995 1602 ducti
1015 1529 1179 1601 motores
1198 1528 1311 1626 atque
1331 1521 1497 1603 efficien-

364 1652 434 1726 tes.
454 1648 537 1728 Hoc
556 1653 614 1726 est
642 1648 800 1728 informe
829 1649 945 1727 chaos
973 1648 1150 1744 formare,
1178 1648 1259 1726 sine
1287 1648 1494 1726 formantes

361 1777 512 1856 eosdem
528 1777 576 1855 ad
590 1777 764 1871 formata;
773 1777 922 1856 diuersa
930 1777 1010 1856 siue
1017 1777 1221 1857 formantes
1236 1777 1362 1855 varios
1377 1778 1491 1881 atque

357 1903 528 1983 diuersos
543 1904 589 1982 ad
601 1905 732 1983 eadem
746 1904 910 1983 formata
923 1903 1178 1996 referas,oihil
1189 1903 1348 1983 interest
1358 1904 1395 1983 in
1412 1929 1495 2008 pro·

355 2032 490 2135 posito.
507 2031 770 2111 Veruntamen
785 2030 876 2110 illud
895 2032 994 2134 quod
1014 2032 1202 2111 immobile
1224 2037 1363 2126 manet,
1380 2039 1493 2136 atque

353 2163 496 2242 subest:
517 2163 591 2242 hnc
610 2163 755 2242 ratione
775 2189 850 2267 qua
867 2164 1007 2249 subest,
1028 2167 1142 2265 atque
1161 2161 1360 2255 formatur,
1379 2162 1493 2239 habe·

355 2297 445 2370 atur
463 2297 506 2370 vt
524 2292 680 2371 foemina
698 2293 745 2371 ad
764 2317 920 2386 marem,
937 2289 976 2370 eb
997 2316 1151 2395 prorsus
1173 2289 1334 2367 informe
1354 2295 1395 2363 vi
1415 2315 1490 2367 vn·
1535 2351 1537 2355 ⁷

353 2416 550 2523 docunque
565 2417 761 2496 formabile
778 2444 859 2496 esse
871 2418 1001 2521 possit.
1016 2417 1129 2494 Esset
1144 2415 1336 2493 communi
1351 2413 1489 2492 iudicio

355 2551 478 2650 magis
497 2546 664 2650 perfecte
683 2548 810 2639 chaos,
819 2547 848 2623 si
872 2570 919 2624 ex
938 2540 1163 2625 inordinatis
1179 2548 1372 2622 constaret
1386 2543 1489 2623 ethe-

354 2677 550 2778 rogeneis,
580 2677 645 2754 sed
678 2677 754 2755 tale
782 2675 873 2754 nulli
894 2680 1021 2780 posset
1042 2699 1123 2754 esse
1151 2674 1247 2752 vsui.
1279 2673 1489 2751 Necessum

354 2804 503 2906 quidem
517 2807 574 2902 est
584 2804 632 2881 ad
647 2804 865 2908 obsequium
876 2801 1069 2882 memoriae
1084 2826 1260 2881 numeros
1275 2798 1314 2879 lb
1329 2798 1483 2878 clemen·

350 2935 391 3007 ta
419 2929 548 3008 ordine
581 2932 742 3034 quodam
771 2958 853 3010 esse
884 2931 1064 3036 disposita
1093 2957 1166 3034 quo
1187 2929 1485 3007 aduenientibus

353 3057 561 3136 motoribus
581 3064 694 3162 atque
713 3061 990 3156 formatoribus3
1016 3064 1174 3139 coeteras
1203 3060 1317 3137 etiam
1346 3083 1486 3137 memo·

353 3182 490 3263 rabiles
510 3184 661 3265 valeant
695 3189 887 3292 suscipere
906 3190 1060 3269 formas.
1079 3187 1178 3267 Sunt
1196 3191 1325 3267 autem
1344 3186 1404 3294 (vt
1424 3188 1485 3263 vi-

353 3310 437 3402 des)
456 3312 509 3390 ita
528 3315 699 3393 ordinate
720 3316 913 3420 disposita,
933 3323 975 3393 vt
994 3316 1092 3393 idem
1112 3341 1183 3392 nec
1212 3315 1250 3392 in
1271 3316 1401 3394 eadem
1421 3342 1485 3392 se·

352 3440 600 3536 midiametro‚
615 3467 738 3547 neque
757 3445 796 3522 in
812 3444 943 3522 eodem
959 3445 1132 3538 circuitu,
1148 3443 1351 3548 aliquando
1367 3446 1487 3546 possit

354 3591 566 3665 occurrere,
586 3570 668 3649 siue
686 3573 735 3650 sit
755 3571 1009 3668 elementum,
1039 3575 1120 3652 siue
1139 3596 1330 3651 numerus.
1353 3572 1485 3651 Excel-

352 3692 561 3774 lentissima
580 3696 758 3801 pleraque
777 3698 852 3777 alia
871 3725 938 3802 per
957 3700 1056 3778 banc
1076 3701 1237 3804 figuram
1258 3701 1483 3802 pertractari

351 3828 519 3924 possunt3
536 3826 600 3901 sed
620 3825 775 3904 minime
794 3828 856 3905 hic
876 3827 980 3906 locus
995 3833 1065 3906 est.
1087 3831 1146 3905 An
1165 3834 1291 3905 tamen
1308 3851 1394 3904 cum
1410 3828 1483 3905 hoo

350 3949 522 4028 consulto
536 3951 587 4028 sit
600 3954 782 4056 apposita3
798 3979 874 4032 non
889 3955 1063 4043 decerno,
1079 3955 1142 4033 sed
1159 3953 1307 4033 affirmo
1322 3961 1482 4033 tantum.

352 4080 434 4158 lloc
453 4106 570 4160 vnum
592 4084 751 4161 dixerim
771 4085 869 4186 quod
889 4084 921 4160 si
941 4084 1124 4162 attentius
1145 4107 1228 4160 eam
1258 4084 1485 4187 contempla·

350 4209 439 4287 bere
457 4235 542 4289 cum
563 4211 772 4289 rationibus
793 4210 853 4288 hio
873 4212 1071 4314 explicitis:
1090 4215 1217 4290 artem
1233 4211 1479 4315 figuratiuam

350 4335 464 4416 talem
484 4343 625 4441 poteris
644 4338 813 4442 adipisci,
829 4338 948 4443 qualis
965 4365 1042 4418 non
1058 4339 1181 4419 solum
1196 4338 1402 4428 memoriae,
1418 4342 1482 4417 sed
