3344 5124
821 381 982 442 ...74-

334 529 474 610 tentior
492 553 608 633 super
625 527 796 631 singulas
812 532 938 631 partes
953 524 993 606 ds
1008 526 1195 629 elementa
1208 551 1342 631 regere
1356 531 1470 631 atque

336 658 476 737 ducere
510 655 705 761 cogitatio.
742 655 895 734 Peritos
932 655 1205 734 consuetudine
1242 655 1472 758 cytharedus

331 784 606 887 perfectissime
624 782 705 862 sola
724 787 832 862 actus
853 782 1140 877 consuetudine,
1160 806 1236 861 non
1265 782 1468 886 cogitando

330 913 553 1018 cytharizat:
572 912 670 992 alius
688 918 817 992 autem
836 911 950 991 etiam
968 915 1141 989 tactuum
1160 909 1346 990 rationem
1374 933 1468 991 ean-

328 1040 414 1119 dem
434 1041 590 1135 habans,
609 1063 722 1143 quam
743 1037 887 1118 atille:
916 1062 1003 1116 cum
1023 1037 1293 1118 consuetudine
1313 1043 1467 1132 careat‚·

329 1172 436 1248 tanto
460 1194 501 1247 se
521 1167 674 1247 habebit
691 1167 835 1246 rudius:
864 1171 1005 1269 quanto
1026 1165 1148 1269 magis
1177 1192 1292 1271 super
1310 1166 1469 1272 agendis

329 1297 532 1400 cogitando
550 1296 752 1374 incumbet.
773 1293 874 1373 Satis
894 1293 1092 1398 volgatum
1112 1301 1169 1372 est
1183 1300 1327 1398 quanta
1344 1297 1394 1373 sit
1410 1295 1468 1373 vis

329 1422 626 1501 consuetudinis.
647 1420 749 1499 Satis
769 1421 1008 1524 perspicuum
1026 1425 1085 1498 est
1108 1445 1223 1525 quam
1251 1421 1346 1498 lauis
1371 1445 1470 1523 aqna

328 1550 467 1628 durum
478 1574 665 1627 axcauare
679 1548 806 1627 valeat
821 1573 987 1627 marmor
1002 1554 1114 1652 atque
1129 1549 1284 1630 ferrum.
1297 1550 1369 1629 Sed
1380 1549 1468 1653 qnid

329 1674 438 1778 plura
456 1675 504 1753 de
523 1700 563 1751 re
582 1675 743 1753 nimium
761 1675 980 1754 manifestat
1004 1678 1116 1755 Dicta
1145 1702 1223 1756 non
1249 1683 1465 1780 praetermi-

328 1804 460 1897 simus,
485 1802 587 1881 haud
616 1803 765 1906 quidem
795 1804 882 1907 quia
910 1806 1003 1882 satis
1032 1830 1106 1884 non
1134 1810 1226 1886 sunt
1252 1807 1468 1885 manifesta:
1543 1907 1548 1915 .

329 1933 398 2012 sed
417 1933 508 2036 quia
525 1931 692 2010 maxime'
711 1956 835 2035 operae
853 1933 1026 2035 precium
1045 1938 1115 2027 ast,
1132 1937 1174 2010 vt
1188 1934 1237 2012 ad
1255 1934 1357 2013 istud
1377 1959 1469 2037 pro-

329 2063 496 2166 positum
516 2061 742 2140 referantur.
763 2062 963 2140 Nouarunt
982 2062 1091 2139 iuxta
1109 2061 1203 2140 artis
1224 2062 1390 2166 antiquae
1410 2087 1469 2141 ca-

329 2213 447 2267 nones
466 2188 697 2277 laborantes,
716 2188 828 2267 simul
848 2190 961 2292 longa
980 2190 1146 2293 seposita
1164 2191 1212 2268 ab
1226 2190 1392 2270 inuicem
1407 2215 1467 2269 su·
1522 2194 1525 2200 ’

329 2318 464 2411 biecta‚
484 2317 689 2420 eademque
710 2317 883 2420 plurima:
904 2342 981 2396 vno
1000 2317 1244 2420 cogitationis
1264 2324 1352 2397 actu
1372 2342 1469 2398 con-

328 2447 428 2525 tueri
458 2447 505 2525 ad
535 2446 820 2549 expressionem
850 2469 923 2522 nou
943 2446 1068 2523 minus
1089 2470 1200 2547 quam
1222 2446 1254 2523 si
1273 2446 1310 2522 in
1331 2447 1468 2525 charta

291 2609 294 2615 ·
329 2575 502 2679 legerent
530 2575 743 2678 expeditam
774 2571 813 2651 cd
843 2575 1083 2677 exquisitam.
1111 2575 1153 2652 Id
1173 2600 1261 2653 cum
1281 2575 1467 2678 imperitis

329 2705 522 2790 omnibus,
542 2709 624 2781 tum
644 2701 684 2781 d
702 2704 749 2780 iis
769 2704 831 2806 qui
852 2704 971 2805 primo
989 2728 1032 2781 sa
1050 2704 1255 2806 accingunt
1274 2705 1377 2807 operi
1397 2705 1466 2783 mi·

329 2858 403 2911 nus
424 2831 601 2909 credibile
616 2831 714 2910 solat
732 2857 926 2934 apparare:
943 2832 1026 2935 ipsa
1044 2837 1172 2911 tamen
1192 2858 1253 2912 res
1273 2834 1467 2913 conuincit

327 2961 554 3064 oppositum.
576 2959 734 3045 Quodsi
754 2985 821 3062 per
839 2960 1014 3065 antiquas
1043 2967 1144 3040 artes
1163 2966 1222 3039 est
1250 2967 1465 3065 praestitum

329 3088 577 3191 praestarique
594 3089 764 3166 videmus
780 3088 955 3191 quotidie:
967 3090 1054 3193 quid
1076 3090 1141 3168 fiat
1160 3090 1198 3168 in
1218 3090 1292 3168 ista
1311 3091 1466 3194 inquam

328 3216 592 3294 breuissimam
607 3215 809 3293 admodum
821 3241 965 3294 moram
978 3218 1096 3318 exigit
1106 3219 1356 3297 consuetudot
1366 3219 1464 3323 plus,

330 3343 475 3437 malins,
494 3344 706 3446 tersiusque
726 3344 792 3421 tibi
813 3346 1058 3447 praestabunt,
1078 3347 1140 3424 hic
1160 3352 1238 3424 tres
1253 3350 1465 3449 quatudrue

328 3468 429 3546 lunae
444 3469 712 3547 renotationes:
727 3472 841 3572 quam
855 3495 923 3549 sex
938 3470 990 3548 illi
1006 3471 1096 3550 solis
1111 3474 1252 3578 proprij
1271 3476 1467 3578 potuerint

329 3594 464 3687 afferre
483 3621 671 3674 recursus.
692 3597 907 3676 Inueuimus
927 3625 1091 3704 namque
1110 3600 1212 3681 viam
1231 3605 1467 3684 committen-

328 3724 365 3801 di
402 3724 560 3825 singulis
588 3726 871 3829 quibuscunque
898 3730 1077 3808 subiectis
1106 3731 1275 3834 integros
1297 3758 1466 3836 quosque

328 3852 509 3929 terminos
528 3854 747 3931 retinendos
764 3838 834 3947 ‚dr
855 3857 999 3934 maiora
1022 3857 1207 3963 longc'que
1225 3860 1335 3965 plura
1358 3870 1398 3940 vt
1417 3889 1463 3942 ax

331 3979 507 4056 archanis
526 4006 677 4081 magma
698 3981 824 4060 Clanis
844 3989 902 4061 est
918 3985 1203 4066 manifestabile.
1222 3988 1331 4073 Quod
1350 4018 1461 4093 quan·

330 4112 412 4183 tum
432 4102 471 4182 dr
491 4109 677 4208 quomodo
696 4111 971 4205 attrectarent,
987 4110 1049 4215 alij
1072 4113 1139 4215 ipsi
1157 4115 1322 4195 viderint
1338 4119 1401 4220 qui
1419 4120 1465 4197 de

335 4233 517 4311 ambobus
538 4236 641 4312 recte
660 4243 840 4338 poterunt
858 4238 1039 4319 indicare.
