3344 5124
841 366 1003 428 ..28-

350 544 432 597 cem
469 544 598 601 eorum
632 544 717 624 quae
759 512 985 594 antecedunt
1020 511 1204 614 capitibus
1235 533 1366 589 eorum
1400 534 1485 616 quae

351 647 523 749 proxime
552 651 759 753 sequntur:
790 643 991 721 cathenam
1024 640 1127 718 illam
1155 663 1310 717 auream
1339 663 1433 742 quae
1462 642 1484 718 ἑ

351 776 443 853 caelo
462 775 620 880 fingitur
638 777 685 856 ad
718 779 861 853 terram
880 795 998 873 usque
1019 775 1127 847 tensa
1155 776 1393 853 contrectare
1422 796 1486 846 va·

351 901 454 982 lebie:
474 903 573 984 sicut·
591 910 612 983 ὁ
627 903 724 983 coelo
744 926 812 1005 per
830 908 868 977 te
883 906 1009 1002 potest
1023 900 1146 977 factus
1166 923 1249 976 esse
1268 899 1484 991 descensus

352 1029 460 1109 facile
479 1033 524 1109 ad
546 1031 684 1110 coelum
705 1056 771 1133 per
786 1028 1003 1105 ordinatum
1017 1050 1216 1105 ascensum
1237 1050 1406 1104 remeare
1422 1055 1485 1103 va·

352 1155 459 1235 tobis.
491 1157 569 1235 Per
604 1159 704 1235 hano
736 1155 978 1232 artificiosam
1009 1152 1280 1231 connexionem
1300 1179 1482 1258 magnum

352 1286 517 1388 experiri
547 1310 748 1389 possumus
772 1283 964 1362 memoriae
996 1281 1234 1359 releuamen:
1264 1306 1348 1385 quae
1382 1282 1484 1359 valet

353 1415 466 1492 ctiam
486 1414 629 1492 nullam
644 1415 691 1492 ad
708 1412 870 1490 inuicem
887 1437 952 1513 per
972 1436 1012 1488 se
1032 1409 1236 1488 retinentia
1255 1432 1482 1511 consequen·

351 1541 442 1619 tiam
462 1540 655 1621 memoriae
670 1541 843 1618 ordinata
863 1546 1093 1643 presentare.
1126 1540 1249 1641 ipsum
1269 1538 1481 1617 manifesta·

352 1674 414 1746 tur
431 1669 469 1747 in
489 1669 731 1773 subsequenti
753 1668 932 1762 carmine,
945 1669 1005 1746 vbi
1022 1693 1109 1746 cum
1123 1667 1357 1772 intelligatur
1371 1668 1480 1745 Aries

350 1821 463 1899 agere
481 1798 520 1875 in
540 1799 731 1892 Taurum,
761 1797 937 1904 huncque
966 1800 1109 1875 motum
1139 1798 1290 1876 diuerso
1320 1795 1480 1873 actionis

350 1950 503 2029 genere,
518 1950 632 2029 agere
651 1926 690 2004 in
710 1925 903 2005 Geminos
923 1927 973 2004 Et
992 1926 1077 2005 inde
1093 1927 1183 2005 moti
1200 1926 1318 2022 varia,
1339 1951 1478 2005 conse.-

348 2054 551 2159 quenthue
579 2055 728 2134 actione
756 2054 973 2134 deferantur
1000 2056 1038 2134 iu
1067 2056 1268 2137 Cancrum.
1290 2054 1474 2135 similiter·

348 2203 420 2282 que
434 2178 608 2283 deinceps
627 2181 666 2257 in
685 2180 780 2259 aliis:
800 2183 949 2260 eueniet
968 2195 1011 2260 vt
1026 2207 1075 2261 ex
1094 2183 1235 2262 intuitu
1247 2183 1371 2277 vnius,
1388 2182 1474 2259 alte·

349 2306 429 2385 rius
448 2331 539 2386 mox
566 2307 844 2412 inmediateque
860 2310 1124 2413 consequentis
1144 2334 1344 2388 occursum
1365 2309 1478 2388 collu-

347 2458 510 2514 cremur.

400 2702 497 2780 Due
505 2707 648 2804 qreyr's,
667 2708 835 2777 armenti
851 2726 976 2805 reqem
995 2701 1168 2779 sublatus
1188 2708 1229 2779 in
1248 2710 1347 2780 irum

455 2831 503 2908 In
526 2832 777 2934 qeminosque
788 2831 915 2934 pedm,
935 2837 1067 2934 impete
1083 2836 1214 2933 fronte
1230 2836 1334 2934 serit.

407 2960 556 3040 Vindex
573 2959 700 3037 mente'
716 2986 857 3037 vacans
876 2961 965 3037 irinc
984 2962 1133 3039 Taurus
1152 2966 1336 3051 concitus,
1357 2967 1434 3039 ictu

452 3088 578 3165 Irruit
596 3093 636 3165 in
657 3087 837 3166 Geminos
858 3096 1078 3191 r'mpoeiente
1093 3092 1251 3191 fratres,

404 3216 617 3296 Germanos
631 3223 792 3296 iuuenes
802 3219 934 3319 affines
939 3224 1123 3322 protinus
1137 3217 1250 3293 ondoe

453 3344 677 3448 Eoeemiunt.
702 3344 857 3445 Cancer¹
869 3346 995 3422 rosida
1005 3353 1126 3449 prata
1136 3350 1245 3447 petit.

399 3473 553 3576 Repetas
571 3473 720 3577 obliquo
741 3473 985 3577 lympharum
1009 3471 1369 3566 canceraremur,

461 3599 593 3679 Vuae
610 3599 757 3678 uultum
776 3603 876 3702 sorte
894 3600 1032 3678 Leonis
1050 3600 1140 3676 adu.

397 3732 574 3810 Perottus
588 3730 675 3805 inde
692 3731 768 3837 Leo
787 3720 942 3806 erricitos
958 3734 1083 3832 ourqit
1102 3735 1142 3806 in
1163 3731 1316 3805 horinos·

457 3857 564 3935 Vnde
583 3882 729 3960 coquos
748 3859 893 3962 rapidae
911 3865 991 3935 uiso
1018 3856 1147 3935 Puella
1167 3861 1265 3960 ferre
1283 3866 1349 3936 est.
1391 3895 1393 3899 ·

395 3987 510 4063 Hune
521 3991 630 4088 petit:
647 3985 713 4062 illo
729 3989 843 4091 suqit:
863 4013 952 4091 quoe
962 4012 1100 4091 qressu
1120 3994 1259 4065 insono
1274 3990 1411 4091 seeqaci

448 4113 669 4192 Librantem
684 4121 850 4192 incurrit
860 4122 1010 4219 persica
1032 4117 1139 4194 lance
1157 4123 1295 4193 virum.

304 4349 306 4354 λ
395 4243 558 4322 AEstuat
575 4243 649 4339 hie,
664 4248 810 4349 cupidis
829 4272 942 4350 quem
960 4248 1052 4325 dum
1066 4246 1320 4351 compleoibus
1339 4246 1472 4324 lueret:
1587 4235 1589 4239 ’

447 4372 586 4450 Attriti
602 4372 754 4452 Vermis
772 4379 897 4480 cuspis
914 4377 1067 4455 adunco
1083 4381 1186 4482 ferit.
