3344 5124
848 395 1029 459 -lao-

374 542 667 648 applicationem
696 541 743 618 ad
771 539 847 618 alia
874 566 988 646 quam
1016 566 1086 645 per
1103 539 1225 645 ipsam
1243 538 1384 644 poteris
1408 563 1507 618 com·

374 671 607 775 prehendere
625 669 876 771 superficiem.

421 951 582 1019 Secunda
602 948 735 1033 procis
757 965 838 1032 quoe
868 947 1104 1012 terminorum
1138 942 1356 1027 simplicium
1380 947 1433 1008 est
1455 943 1504 1010 ad

375 1098 636 1170 quamcumque
668 1077 952 1163 compositionem
974 1076 1018 1143 de
1044 1073 1219 1162 plancus
1245 1073 1506 1140 elcuueutorum

375 1205 696 1279 machinationibus
708 1207 1011 1295 praesentandam.

818 1435 955 1523 Ἰ.

430 1701 568 1780 Praxis
586 1703 679 1781 verb
697 1725 839 1805 magna
856 1701 894 1779 in
913 1724 1027 1804 quam
1043 1708 1220 1806 properat
1234 1702 1357 1808 prima
1375 1699 1506 1805 praxis

376 1830 518 1925 adulta,
536 1855 621 1935 quae
640 1831 792 1935 quidem
810 1830 893 1910 loco
912 1854 987 1934 quo
1006 1829 1070 1909 illa
1087 1831 1243 1913 initialis
1258 1833 1326 1912 tibi
1346 1830 1509 1911 elemen-

376 1963 502 2037 torum
519 1958 711 2038 tribuebat
724 1958 1062 2039 combinationem:
1082 1961 1130 2040 ad
1145 1961 1417 2067 completorum
1433 1965 1509 2038 ter-

375 2085 565 2164 minorum
584 2085 894 2191 explicationem:
915 2088 1237 2168 combinationum
1265 2089 1382 2167 tradit
1400 2112 1505 2167 com-

377 2217 618 2319 positionem;
638 2216 693 2297 ita
711 2221 754 2296 vt
771 2218 820 2297 ad
839 2219 1094 2298 subiectorum
1114 2243 1343 2313 numerum,
1371 2218 1501 2297 valeas

376 2345 633 2448 perfectorum
650 2345 886 2427 adiectorum
912 2345 1015 2455 (quae
1033 2349 1186 2428 termini
1205 2347 1435 2451 incomplexi
1454 2352 1508 2426 at

374 2497 447 2576 que
465 2473 656 2580 simplices
669 2473 927 2586 appellantur)
941 2503 1144 2584 apponere,
1158 2501 1322 2583 moxque
1337 2476 1509 2582 accipere

374 2625 589 2683 numerum.

917 2866 968 2945 ΙΙ.

429 3120 471 3201 Id
489 3116 639 3224 quidem
658 3121 731 3199 hoc
748 3116 914 3197 efficitur
931 3121 1055 3222 pacto.
1075 3115 1183 3196 Sicut
1197 3118 1245 3197 ad
1260 3119 1418 3223 triginta
1435 3117 1505 3198 ele·

376 3250 592 3326 mentorum
619 3269 841 3340 uumerum3
869 3245 1029 3349 triginta
1055 3244 1124 3323 tibi
1143 3247 1332 3323 statueras
1351 3253 1508 3347 agentes

374 3376 545 3456 actiones
564 3370 604 3453 dr
622 3373 796 3478 insignia,
816 3373 1137 3469 circumstantias,
1157 3370 1198 3452 de
1216 3373 1428 3452 adstantia:
1450 3376 1509 3452 lta

375 3526 476 3580 nunc
505 3499 678 3578 ordinate
707 3500 884 3604 disponas
909 3505 1065 3579 centum
1093 3501 1389 3606 quinquaginta:
1411 3501 1508 3605 quod

375 3626 420 3704 fit
438 3624 590 3729 singula
608 3624 870 3705 adsistentium
890 3627 1166 3707 elementorum
1193 3653 1261 3731 per
1289 3627 1506 3731 quinarium

375 3754 661 3833 subsistentium
680 3754 910 3835 deducendo.
930 3756 1094 3834 Panibus
1112 3780 1204 3860 ergo
1230 3755 1509 3834 conditionibus

375 3882 510 3984 quibus
530 3881 820 3963 elementarium
840 3885 1147 3965 constituendum
1163 3886 1380 3964 docuimus:
1402 3884 1509 3963 intel·

374 4007 538 4108 ligamur
558 4008 874 4091 combinatorium
895 4013 1079 4091 docuisse.
