3344 5124
843 378 1006 440 ..36-

357 524 581 626 marginem:
600 525 700 603 basis
720 548 812 602 vero
832 523 914 601 eins
934 526 1043 600 extra
1063 530 1204 601 terram
1222 521 1331 625 quasi
1350 522 1389 601 in
1407 522 1488 600 infl-

354 652 475 729 nitnm
497 678 670 731 crescens
690 679 765 733 non
786 661 886 731 esset
905 652 1212 730 determinabilis.
1234 651 1373 729 Vmbro
1396 676 1485 729 vero

358 803 472 880 qnam
491 778 579 856 solis
599 805 734 884 corpus
753 781 928 883 producit
946 780 991 856 de
1007 787 1120 856 terra:
1142 780 1257 857 habet
1274 784 1397 857 certos
1411 786 1484 857 ter·

357 930 410 981 ree
430 908 610 986 terminos
637 935 705 1011 pro
733 910 827 987 basi:
856 934 974 988 conus
1001 914 1130 987 autem
1159 905 1276 1010 ipsius
1304 906 1480 1010 Mercurij

356 1033 545 1133 sphaeram
564 1059 641 1111 non
660 1036 824 1138 attingit.
844 1037 924 1113 lam
942 1036 1064 1114 simila
1082 1037 1128 1115 da
1149 1035 1242 1115 ideis
1272 1034 1486 1137 vmbrisque

358 1157 524 1259 ipsarum
545 1160 728 1241 iudicium
747 1163 874 1240 facito.

765 1447 936 1500 INTENTlO
966 1448 1088 1500 xxvll.

410 1676 521 1754 Vnde
542 1686 633 1757 nota
652 1683 964 1781 quemadmodum
983 1683 1027 1757 de
1044 1680 1127 1758 luce
1143 1677 1183 1758 dn
1198 1681 1357 1757 tenebra
1370 1678 1485 1781 (tene-

357 1808 462 1881 bram
485 1807 587 1883 enim
607 1808 832 1887 densitatem
852 1810 1019 1911 corporis
1040 1806 1202 1913 appello)
1221 1808 1391 1927 nascitur
1411 1832 1485 1883 vm·

361 1933 438 2025 bra,
459 1934 566 2012 cuius
586 1935 652 2013 lux
672 1947 780 2038 pater
798 1944 867 2031 est,
889 1940 1048 2016 tenebra
1067 1945 1200 2015 mater:
1221 1934 1261 2015 dr
1289 1961 1365 2014 non
1383 1935 1488 2011 adest

360 2060 428 2135 nisi
451 2061 522 2139 hac
542 2059 581 2139 <t
602 2065 665 2141 illo
681 2072 878 2168 praesente:
908 2073 1022 2170 atque
1038 2067 1091 2143 ita
1111 2066 1281 2168 sequitur
1299 2064 1432 2142 lucem.
1447 2069 1489 2137 vt

358 2190 527 2267 eamdem
547 2193 689 2295 fugiat:
719 2197 824 2298 qumi
846 2197 985 2299 pudeat
1014 2198 1133 2297 ipsam
1166 2195 1297 2272 matris
1325 2192 1487 2296 speciem

359 2323 589 2420 praesentare
609 2324 775 2424 patrizat
793 2327 936 2427 pudore
956 2327 1092 2404 saltem
1109 2328 1252 2429 regiam
1273 2323 1486 2428 progeniem

359 2450 601 2544 protestetur.
624 2450 751 2529 Veluti
776 2478 914 2553 genere
934 2453 1078 2530 nobiles
1099 2453 1162 2556 qni
1181 2451 1418 2530 nobilitatem
1436 2447 1486 2551 ip·

359 2596 401 2647 so
422 2571 553 2650 babitu
572 2584 783 2656 monstrare
803 2605 876 2656 non
908 2581 1090 2668 valentes
1119 2582 1198 2683 ipso
1227 2580 1318 2656 satis
1347 2574 1483 2679 proprij
1532 2595 1539 2609 ·

361 2696 511 2774 habitus
531 2701 673 2802 pudore
692 2705 963 2782 demonstrant.
986 2706 1087 2782 Hinc
1107 2709 1299 2783 crescente-
1327 2702 1409 2779 luce
1435 2707 1488 2777 at·

362 2833 646 2932 lenuatur·,qnm
668 2832 730 2908 illa
750 2861 789 2911 se
805 2835 1053 2911 contrahente
1073 2836 1265 2911 dilatatur:
1285 2832 1487 2934 eademque

362 2957 482 3047 totum
501 2959 830 3062 circumplecteute
850 2988 986 3065 corpus
1005 2964 1114 3065 fugit.

757 3237 927 3294 ΙΝΤΕΝΤΙΟ
954 3242 1089 3297 xxvnl.

416 3466 522 3544 Sicut
536 3494 582 3544 ex
596 3470 814 3573 interposito
826 3474 1189 3576 perpendiculariter
1208 3472 1487 3578 superplenum

362 3593 460 3669 inter
480 3598 621 3673 Arcton
642 3594 680 3673 d
701 3600 853 3677 ooulnm
869 3627 1069 3703 gnomone,
1090 3629 1139 3680 ex
1159 3604 1291 3679 vmbra
1310 3600 1488 3703 imagina-

363 3722 424 3797 bili
447 3723 581 3800 lineam
601 3724 793 3804 lucramur
809 3732 1068 3809 meridianam:
1081 3728 1120 3809 <b
1141 3729 1384 3808 infallibiliter
1397 3725 1487 3804 alias

363 3849 499 3925 multas
519 3857 727 3954 temporum
749 3856 976 3934 differentias
1002 3884 1087 3959 qnae
1115 3861 1153 3936 in
1179 3863 1361 3934 nocturno
1390 3854 1487 3958 pola·

364 3976 459 4051 rium
481 3979 673 4058 stellarum
690 3983 849 4062 circuitu
865 3987 911 4062 ad
927 3984 1155 4065 differentias
1171 3985 1334 4088 partium
1349 3980 1488 4061 circelli

364 4132 458 4208 quas
480 4109 575 4186 linea
596 4112 634 4188 in
653 4113 753 4191 illius
774 4123 880 4192 tensa
900 4116 1243 4194 circumferentiam
1271 4140 1337 4217 per
1364 4134 1489 4189 nume·
1567 4212 1573 4226 .

364 4259 426 4311 ros
447 4238 673 4317 manifestat.
689 4243 772 4319 Non
792 4244 917 4322 minus
946 4242 985 4323 de
1005 4245 1142 4323 ideales
1158 4246 1300 4321 vmbrae
1315 4265 1381 4345 per
1399 4239 1489 4343 phy·
