3344 5124
803 359 985 421 -162-

477 630 528 697 Dc
551 631 686 701 duobus
707 637 862 721 cprcpiis
886 634 1044 702 incentis
1066 637 1105 701 in
1130 635 1197 703 boc
1219 638 1308 711 orte,

692 762 943 832 &encomium
967 768 1089 850 ipsius.

379 1025 466 1106 Duo
484 1026 603 1132 igitur
620 1030 711 1107 sunt
729 1052 815 1131 quae
833 1025 1047 1106 inuenimus
1066 1021 1107 1102 ἃ
1125 1024 1396 1128 compleuimus
1415 1023 1453 1101 in

330 1154 403 1233 hac
421 1160 525 1251 arte,
544 1180 704 1259 quorum
724 1162 926 1259 vtrumque
944 1153 1111 1257 antiquis
1130 1154 1303 1233 omnibus
1332 1153 1457 1233 visum

325 1289 383 1364 est
410 1285 511 1365 lactu
545 1285 786 1391 impossibile;
816 1286 939 1390 primo
968 1284 1015 1360 ad
1042 1283 1204 1387 primam
1232 1283 1380 1386 praxim
1415 1286 1458 1358 vt

326 1412 557 1519 quamlibet,
585 1409 625 1493 ds
653 1413 966 1518 qualemcumque
994 1411 1309 1490 combinationem
1344 1410 1455 1488 unico

324 1545 475 1622 tantum
495 1543 784 1647 presentandum
804 1544 1057 1622 tribueremus
1080 1542 1261 1620 subiecto,
1280 1540 1452 1619 Secundo

327 1668 375 1746 ad
402 1671 607 1748 secundam
632 1671 780 1774 praxim
798 1666 914 1774 (quod
933 1669 1028 1772 pene
1047 1668 1217 1747 diuinum
1236 1675 1294 1748 est
1312 1668 1451 1747 inuen-

323 1799 407 1874 tum
434 1793 662 1905 &aliarum
689 1822 883 1901 pregnans
911 1798 1172 1876 inuentionum
1191 1795 1326 1903 (unum
1344 1800 1451 1878 abest

324 1926 368 2001 vt
386 1926 470 2029 quis
486 1925 608 2028 ipsum
628 1925 777 2003 nouerit
795 1924 1000 2030 applicare)
1019 1930 1061 2002 vt
1080 1924 1265 2028 singulari
1279 1925 1448 2004 subiecto

326 2044 574 2129 &indiuiduo
589 2051 704 2129 buius
718 2051 811 2130 artis
827 2052 1029 2155 quemlibet
1043 2052 1247 2129 terminum
1261 2053 1449 2154 possimus

325 2179 520 2257 commode
535 2178 774 2257 referendum
790 2179 963 2259 adiicere.
979 2181 1088 2258 Facit
1102 2206 1191 2284 ergo
1206 2180 1376 2258 inuentio
1391 2205 1454 2257 no·

327 2311 407 2384 stra
435 2308 481 2382 ad
511 2307 621 2412 longe
639 2308 780 2385 eititius
801 2304 1070 2412 &expeditius
1090 2308 1264 2385 intimam
1282 2310 1449 2410 scriptu-

324 2456 407 2509 ram
434 2433 724 2534 perfieiendum,
744 2440 857 2537 atque
875 2435 1042 2538 exereitij
1064 2433 1229 2512 fructum
1249 2439 1448 2513 maturan-

324 2559 424 2639 dum.
457 2562 529 2639 Vbi
559 2588 597 2640 n.
626 2563 803 2640 balabant
830 2562 974 2642 litteras
1003 2562 1190 2666 cogendas
1216 2563 1258 2639 in
1287 2563 1452 2668 syllabas

322 2689 541 2794 priusquam
570 2694 654 2770 sero'
681 2693 727 2769 ad
757 2717 867 2796 mage
895 2692 1100 2795 completos
1132 2697 1448 2794 promouerentur

322 2824 440 2897 actus:
458 2820 534 2898 iam
552 2821 680 2898 statim
701 2821 880 2898 terminos
899 2820 938 2897 in
959 2819 1168 2896 orationem
1187 2842 1322 2921 eogere
1342 2819 1447 2897 doce-

323 2970 420 3025 mus.
439 2946 533 3025 Mox
553 2946 671 3050 igitur
689 2952 731 3024 vt
749 2946 1042 3050 disciplinandus
1071 2972 1138 3048 per
1164 2952 1285 3023 artem
1313 2946 1446 3035 istam,

321 3074 455 3177 primae
473 3073 533 3150 vel
552 3076 728 3171 secupdae
748 3075 877 3177 praxis
897 3072 1141 3176 cathalogum
1159 3097 1287 3151 meum
1317 3074 1453 3152 habue-

326 3202 388 3280 rit:
407 3204 503 3280 lecta
523 3204 723 3307 auditaque
743 3202 921 3281 subiectis
950 3202 1132 3279 ordinatis
1161 3201 1368 3279 adiiciendo
1398 3228 1454 3280 re

322 3329 432 3423 ferre,
453 3331 603 3432 poterit.
626 3333 706 3408 Vsu
725 3331 856 3409 deinde
876 3336 1070 3433 promptus
1100 3327 1140 3408 du
1168 3330 1447 3434 promptissime

324 3457 519 3556 praestabit
546 3456 683 3532 omnia.
714 3455 800 3533 Ideo
820 3455 903 3532 haec
922 3480 984 3531 ars
1003 3454 1185 3532 interimit
1205 3478 1335 3533 omnes
1361 3455 1454 3533 alias

322 3607 408 3686 quoe
428 3592 702 3685 praecesserunt
717 3584 835 3686 ipsam
852 3583 888 3659 in
905 3582 977 3659 hoe
993 3606 1141 3684 genere:
1158 3576 1349 3658 <trabalia
1369 3589 1454 3685 post

321 3710 444 3814 ipsam
463 3711 628 3789 interimi
643 3736 716 3788 non
733 3711 923 3789 formidat.
940 3710 999 3786 Ad
1015 3709 1163 3786 culmen
1182 3733 1220 3785 n.
1237 3733 1317 3785 rem
1332 3709 1451 3811 ipsam

322 3840 524 3918 adduxisse
543 3838 750 3917 eredimus:
771 3840 802 3916 si
832 3840 893 3915 vbi
923 3837 986 3942 alij
1007 3834 1240 3915 diffundebat
1258 3835 1386 3914 oeulos
1405 3841 1451 3917 ad

322 3964 509 4044 elementa
528 3967 713 4069 captanda
733 3966 792 4044 vel
812 3967 937 4070 magis
955 3965 1187 4069 aucupanda
1203 3989 1273 4042 nos
1292 3991 1359 4068 per
1377 3972 1450 4046 ter·

320 4084 444 4171 minos
462 4093 509 4169 ad
528 4093 712 4171 sermonis
728 4089 768 4173 dr
783 4093 964 4173 orationis
979 4092 1295 4196 complementum
1310 4093 1449 4173 discor

320 4244 450 4299 rimus.
