3344 5124
734 451 914 512 -244-

310 599 390 701 xxj.
418 597 512 675 «ΕΚ
526 594 714 674 assolente
728 593 909 699 prolerre,
924 593 1154 672 vocabulum
1170 591 1323 696 ipsum,
1346 587 1406 666 vel

265 724 552 802 <sententiam
573 723 662 802 hine
683 721 833 826 quidam
853 721 914 824 qni
935 720 1060 799 dioere
1088 719 1238 799 solebat
1269 717 1407 797 omnia

267 878 285 922 «ι
306 848 514 926 amicorum
533 852 623 926 sunt
641 845 859 925 eommunia
877 845 959 923 loeo
979 846 1176 948 appositus
1192 843 1351 921 reducit
1366 849 1404 918 to

267 975 342 1052 ‹in
371 975 592 1053 memoriam
620 973 819 1052 sententiae
849 971 959 1050 illius.
993 972 1045 1049 Et
1071 976 1162 1050 nota
1192 972 1257 1048 hio
1299 970 1405 1074 qnod

271 1133 288 1171 ‹
308 1101 420 1177 etiam
441 1123 488 1176 ex
506 1105 573 1177 tna
591 1097 827 1176 institutione
847 1103 954 1199 potes
970 1095 1152 1173 eiusmodi
1167 1093 1401 1185 sententias,

267 1223 345 1305 «ἂι
374 1226 556 1304 terminos
585 1225 808 1330 quibusdam
836 1223 1142 1315 accommodare,
1173 1222 1298 1300 veluti
1328 1247 1408 1300 vsu

265 1384 282 1427 ‹
304 1355 433 1433 venire
452 1359 576 1457 potest
595 1353 728 1432 modus
747 1353 920 1457 proxime
939 1377 1099 1454 sequens
1118 1356 1233 1454 atque
1257 1350 1405 1454 magis.

314 1483 408 1586 xxij.
436 1482 533 1559 ‹Ex
551 1482 719 1559 subiecto
739 1479 943 1583 recipiente
971 1479 1276 1557 verificationem
1306 1502 1404 1555 sen-

269 1610 447 1706 <tentiae
457 1608 516 1685 vel
527 1608 843 1711 significationem
854 1607 1019 1705 termini,
1030 1606 1261 1686 sententiam
1273 1606 1406 1710 ipsam
1480 1712 1486 1725 ι

268 1767 285 1810 ‹
304 1743 418 1840 atque
436 1737 651 1831 terminum,
666 1739 767 1816 siout
785 1737 877 1816 mihi
896 1738 1048 1841 quidam
1064 1736 1243 1841 garrulus
1261 1732 1305 1814 ds
1320 1761 1406 1816 ma·

267 1894 285 1937 ‹
303 1863 459 1959 ledicus,
478 1889 548 1942 neo
567 1865 662 1944 bend
680 1865 906 1944 fortunatus:
922 1866 1149 1944 sententiam
1167 1862 1277 1941 illam
1298 1864 1402 1968 psal·

267 2018 286 2063 ‹
305 1989 440 2068 mistae.
461 1990 521 2067 vir
540 1989 732 2094 linguosos
750 2015 824 2069 non
844 1991 1028 2095 dirigetur
1046 1991 1085 2068 in
1104 1995 1221 2069 terra.

311 2119 418 2222 xxiij.
447 2148 465 2193 ‹
484 2119 544 2197 Ex
562 2121 785 2222 metaphora
804 2146 872 2198 seu
891 2119 1197 2223 transpositione,
1216 2123 1403 2224 transpo

265 2247 449 2326 ‹sitionis
468 2248 701 2327 subiectum:
722 2273 769 2327 ex
788 2255 947 2353 argento
975 2249 1127 2328 lunam:
1156 2273 1205 2326 ex
1232 2247 1402 2351 plumbo

265 2403 283 2447 ι
302 2373 520 2454 Saturnum.
542 2376 601 2453 Ex
619 2381 769 2454 stamno
788 2375 931 2454 Iouem.
952 2376 1047 2454 Item
1066 2371 1106 2455 ds
1125 2400 1174 2454 ex
1203 2373 1320 2479 vulpe
1352 2402 1413 2455 a·-

265 2921 282 2959 ‹
302 2897 386 2973 tur,
406 2887 503 2962 siout
521 2911 567 2962 ex
587 2888 684 2963 boue
703 2888 912 2989 mugitum,
933 2913 981 2964 ex
1008 2912 1122 2989 porco
1151 2887 1400 2988 grunditum.

267 3045 283 3085 a
307 3014 363 3090 lix
391 3014 525 3113 quibus
553 3012 667 3089 etiam
696 3015 896 3116 aliquando
917 3015 1115 3092 translatio
1137 3016 1214 3091 lieni
1238 3021 1394 3118 potest,

267 3169 283 3209 a
304 3140 402 3217 siout
420 3145 618 3243 postquam
637 3168 684 3219 ex
704 3145 807 3222 asino
828 3145 1012 3222 habemns
1031 3145 1210 3238 ruditum,
1239 3170 1290 3222 ex
1320 3171 1397 3223 ru-

148 3346 152 3351 ,
265 3271 383 3348 «dite
410 3270 548 3347 habere
578 3273 762 3373 possimus
791 3275 938 3352 fatuum
968 3296 1201 3368 sermonem,
1222 3297 1268 3349 eo
1289 3275 1397 3352 enim

267 3432 283 3470 «
303 3396 344 3476 dr
364 3398 567 3500 asinilogos
587 3401 750 3477 solebam
771 3402 864 3479 mihi
884 3400 1110 3479 describere.

310 3553 401 3604 xxv.
431 3528 529 3604 «Ex
556 3528 806 3607 instrumento
832 3530 1027 3617 artificem,
1047 3525 1087 3607 dn
1107 3529 1393 3608 instrumenta-

267 3685 283 3725 <
307 3661 387 3731 tum
403 3654 441 3731 in
458 3679 609 3757 genere,
624 3655 722 3732 siout
737 3680 784 3731 ex
805 3657 943 3759 sphera
962 3653 1001 3734 dr
1021 3654 1238 3751 astrolabio,
1258 3659 1392 3735 astro-

267 3814 283 3854 «
306 3781 434 3884 logum
454 3805 607 3882 possum
627 3782 854 3861 meminisse.

311 3909 416 4009 xxvj.
446 3939 463 3977 a
483 3906 544 3982 lix
564 3905 776 4000 habituum,
795 3909 964 3987 habitum
985 3904 1273 4011 infigurabilem,
1291 3907 1396 3988 sicut

269 4066 285 4103 a
306 4060 352 4109 ax
372 4033 527 4110 muliere
547 4037 809 4136 grammatica,
827 4063 910 4139 quae
926 4042 983 4114 est
998 4034 1212 4114 substantia
1227 4057 1315 4119 oum
1332 4061 1397 4113 ac·

268 4194 282 4229 ‹
303 4162 462 4255 sidente,
482 4188 548 4241 seu
569 4165 778 4242 subiectum
799 4191 881 4241 oum
904 4164 1097 4266 qualitate:
1115 4164 1232 4264 ipsam
1254 4185 1394 4263 gram·

267 4322 283 4358 a
303 4289 480 4367 maticam
509 4317 594 4394 quaa
613 4294 773 4394 qualitas
794 4293 966 4394 quaedam
986 4298 1043 4368 est
1062 4294 1286 4391 conceptura
1305 4315 1394 4393 pos·

268 4440 397 4494 «sem.
416 4418 515 4497 siout
542 4444 591 4498 ex
618 4421 775 4513 musico,
804 4421 1000 4499 musioam.
1029 4418 1208 4498 Similiter
1237 4443 1286 4497 ex
1313 4418 1394 4501 ha-
