3344 5124
748 378 926 439 -231-

270 526 407 631 ‹gulis
433 525 649 605 decadibus.
678 521 871 629 Siquidem
898 522 938 600 in
965 520 1112 626 ligneis,
1131 521 1271 617 aureis,
1299 526 1395 603 cete·

273 655 437 759 <risque
467 653 709 746 huiusmodi,
737 655 827 730 suut
862 648 1076 731 differentia
1112 648 1389 744 instrumenta,

272 789 420 887 ‹atque
449 808 523 863 res.
551 779 732 861 Similiter
758 778 796 857 in
824 776 1066 883 coquinariis,
1092 776 1331 859 hortensibus
1350 772 1392 858 dr

272 940 292 989 a
310 910 504 992 similibus.

777 1180 880 1279 gv.

330 1438 556 1542 ‹Applioari
586 1439 703 1543 igitur
731 1441 890 1541 possunt
907 1437 1135 1518 intentiones
1166 1463 1295 1519 rerum
1326 1463 1398 1520 me·

271 1598 289 1642 ‹
310 1569 548 1649 morabilium
568 1570 678 1647 rebus
696 1566 780 1645 istis
799 1590 868 1645 suo
888 1567 1031 1647 ordine:
1055 1568 1153 1646 vnde
1172 1592 1247 1646 non
1275 1567 1397 1646 solum

274 1722 293 1769 ‹
312 1718 439 1771 rerum
458 1695 677 1773 memoriam
696 1687 736 1770 dr
754 1691 938 1771 ordinem:
955 1717 1252 1797 eorumquoque
1275 1689 1315 1772 a
1331 1718 1399 1773 nu·

272 1850 291 1895 ‹
310 1844 456 1900 merum
474 1820 602 1915 situm,
618 1816 658 1899 dr
675 1818 878 1923 regionem,
893 1845 980 1899 cum
998 1821 1208 1901 intentione
1233 1819 1398 1924 partium

273 1940 351 2023 a&
378 1943 546 2047 capilum
575 1942 751 2047 possibile
780 1949 838 2020 est
866 1943 1042 2023 retinere:
1075 1945 1140 2022 sed
1168 1967 1250 2022 rem
1278 1942 1396 2047 fusius

163 2154 167 2159 ,
274 2073 423 2175 <quam
443 2097 512 2175 par
530 2072 782 2151 essevidetur
808 2072 901 2149 artis
928 2072 1103 2176 dignitati
1132 2072 1392 2176 explicuimus.

320 2205 414 2278 Aua.
443 2200 502 2304 Dij
537 2200 626 2279 boni
660 2200 770 2303 quim
810 2225 1011 2303 praegnans
1043 2201 1241 2281 inuentum
1273 2201 1396 2304 ipsum

266 2327 348 2402 sine
368 2330 435 2402 tua
453 2325 707 2404 declaratione
726 2325 904 2429 percipio:
924 2324 1075 2406 clarius.
1095 2353 1133 2407 n.
1153 2351 1228 2406 non
1248 2331 1397 2431 poterat

267 2478 338 2533 nec
364 2453 523 2531 debebat
550 2454 700 2558 aperiri.

319 2581 413 2658 Bon.
429 2580 554 2681 Ipsum
569 2581 660 2659 saud
674 2580 870 2659 maturiori
886 2581 1162 2662 consideratum
1173 2582 1309 2662 iudicio
1323 2607 1398 2662 rna·
1509 2660 1512 2665 .

267 2710 391 2786 lucius
410 2704 450 2786 dr
471 2706 716 2787 excellentius
735 2709 941 2813 apparebit.
957 2711 1083 2814 Ipsum
1103 2710 1263 2816 ingeniis
1282 2710 1397 2791 etiam

267 2860 341 2913 non
371 2835 573 2913 admodum
592 2834 765 2913 excitatis
792 2836 838 2913 ad
868 2836 1054 2915 maximos
1075 2864 1163 2916 vaus
1191 2836 1393 2917 notabilem

268 2959 378 3039 offert
406 2960 648 3039 occasionem.

321 3082 414 3159 Aua.
443 3080 538 3161 lllud
566 3082 678 3160 etiam
708 3082 746 3158 in
767 3107 807 3160 re
831 3084 1024 3187 proposita
1042 3085 1250 3187 perpendas
1267 3083 1395 3163 velim:

267 3211 365 3312 quod
395 3235 471 3288 non
499 3211 620 3289 solum
650 3210 829 3304 locorum,
858 3212 923 3290 sed
952 3206 992 3289 dr
1020 3210 1227 3313 imaginum
1246 3210 1397 3290 foecuu·

268 3336 459 3413 dissimam
491 3336 674 3415 rationem
694 3336 886 3439 explicuit,
912 3338 976 3415 vbi
996 3333 1036 3416 dr
1056 3336 1138 3413 loca
1166 3360 1232 3438 per
1259 3337 1398 3441 imagi·

268 3488 347 3555 nes,
367 3459 407 3540 dr
425 3464 610 3566 imagines
630 3488 697 3566 per
715 3463 796 3541 loca
814 3465 941 3544 docuit
963 3464 1168 3543 uiuificare.
1188 3463 1261 3542 Hic
1281 3464 1396 3545 etiam

268 3590 452 3667 rationein
471 3590 702 3695 engrapbice
727 3590 982 3670 habendarum
1011 3592 1152 3671 artium
1179 3590 1346 3696 inspicio.

320 3720 412 3793 Aac.
443 3715 499 3794 Dc
528 3717 574 3795 iis
604 3718 800 3795 hactenus.
828 3718 941 3822 Lege.
