3344 5124
725 396 905 457 ..248-

733 669 787 769 ,g
815 666 882 745 ru.

573 945 643 1012 Pro
665 943 772 1014 retus
793 946 1069 1035 praesentandis.

308 1206 460 1287 Paratis
474 1231 565 1312 ergo
581 1206 770 1313 dispositis
780 1204 974 1301 ordinatis,
988 1203 1269 1299 determinatis,
1284 1209 1408 1310 atque

261 1361 280 1408 ‹
298 1334 529 1413 confirmatis
544 1333 735 1413 subiectis:
750 1329 860 1410 facile
874 1340 931 1410 est
948 1331 1089 1412 formas
1107 1331 1209 1436 ipsas
1229 1355 1406 1437 appone·

263 1483 353 1540 «re.
374 1459 614 1540 Sensibilium
634 1459 785 1564 quidem
804 1457 1025 1550 sensibiles,
1054 1482 1129 1536 non
1158 1458 1406 1538 sensibilium

264 1592 393 1669 ‹verd
413 1590 526 1669 etiam
545 1588 754 1669 sensibiles.
774 1587 896 1666 Porro
916 1585 1111 1664 sensibiles
1137 1585 1275 1664 formae
1304 1586 1404 1666 rela-

267 1723 354 1798 ‹tae
372 1720 419 1798 ad
438 1719 629 1798 sensibilia
648 1719 808 1811 obieeta,
823 1714 1010 1794 rationem
1030 1737 1162 1792 veram
1179 1714 1401 1818 imaginum

264 1878 283 1925 ‹
302 1845 343 1928 ds
362 1848 621 1953 exemplarem
640 1847 857 1927 admittunt.
877 1842 1027 1922 Relatae
1046 1865 1140 1920 vero
1154 1840 1201 1919 ad
1216 1865 1299 1922 non
1315 1868 1402 1922 sen·

263 2005 282 2052 ‹
300 1976 423 2055 sibilia
437 1974 595 2073 obieeta,
610 1975 754 2054 habent
768 1972 954 2052 rationem
973 1970 1181 2076 signorum,
1197 1975 1400 2069 notarum,

266 2101 344 2184 «dr
363 2104 601 2184 indiciorum.
620 2104 816 2191 Quomodo
835 2108 964 2182 autem
982 2101 1162 2206 quaelibet
1182 2102 1398 2207 significari

265 2265 283 2309 ι
304 2233 463 2338 possint,
483 2233 695 2338 designari,
715 2229 755 2313 dr
775 2229 954 2337 effigiari,
973 2232 1327 2312 demonstrauimus
1348 2257 1396 2311 ex

267 2390 285 2434 ι
305 2365 414 2465 parte
433 2385 594 2465 magna,
614 2361 737 2464 magis
756 2344 869 2463 quam
898 2383 1063 2464 vnquam
1094 2359 1398 2439 demonstratum

267 2517 285 2564 ‹
307 2488 423 2567 suerit
438 2493 525 2567 ante
539 2513 620 2568 nos.
637 2489 763 2567 Vnum
779 2488 1039 2567 tantummodo
1058 2490 1166 2567 abest
1183 2493 1226 2566 vt
1244 2514 1401 2569 succur-

272 2640 437 2695 ‹ramus
456 2617 502 2695 iis
520 2616 696 2695 terminis
716 2616 780 2719 qui
799 2641 866 2720 per
885 2615 1085 2719 praedictas
1104 2614 1318 2718 imaginum
1339 2642 1397 2694 ra·

273 2773 292 2820 ‹
311 2743 431 2822 tiones
449 2768 525 2822 non
544 2750 703 2847 possunt
721 2743 899 2845 figurari:
920 2767 1008 2821 eum
1028 2744 1073 2819 de
1092 2743 1253 2847 triginta
1272 2745 1398 2822 modis

273 2870 384 2949 ‹illis
421 2870 568 2949 nullum
603 2871 803 2974 aliquando
837 2894 1036 2973 possumus
1074 2871 1122 2947 ad
1160 2871 1399 2974 propositum

269 3026 288 3070 ι
306 2996 497 3098 adaptare:
517 2996 597 3072 siue
620 2995 843 3073 difficultate
862 2996 1109 3098 proueniente
1127 2998 1152 3074 al
1169 2997 1292 3090 nobis,
1313 2996 1400 3076 siue

273 3153 291 3197 ‹
310 3124 388 3201 alre
404 3123 484 3226 ipsa
499 3123 605 3201 ouius
621 3124 805 3204 memoria
819 3129 877 3202 est
891 3124 1076 3214 habenda,
1097 3121 1137 3203 ds
1156 3127 1399 3206 commodam

272 3279 291 3325 ‹
309 3250 641 3354 praesentationem
657 3254 874 3355 quaerimus.
885 3251 999 3330 Modo
1016 3252 1132 3355 igitur
1142 3254 1317 3356 proxime
1329 3258 1399 3334 sub

271 3414 288 3456 «ι
308 3383 500 3460 inferendo
516 3383 800 3484 prouidendum.
819 3382 891 3468 Qui
913 3382 1063 3484 quidem
1082 3382 1229 3461 nullum
1248 3408 1398 3462 memo-

272 3509 426 3588 ‹rabile
455 3509 644 3604 excludit,
673 3510 752 3588 siue
781 3511 830 3588 sit
857 3509 1042 3588 terminus
1070 3509 1285 3588 intellectus
1314 3513 1400 3590 siue

276 3666 293 3710 ι
313 3660 388 3714 non
405 3635 629 3730 intellectus,
646 3636 726 3714 siue
742 3635 1030 3741 significatiuus.
1046 3637 1400 3741 quomodocumque

276 3764 383 3859 «sit,
403 3764 603 3843 dummodo
623 3766 673 3842 sit
691 3765 926 3844 articulatus.
