3344 5124
746 384 906 448 ..90-

267 529 403 635 quibus
435 536 539 634 patet
566 529 639 609 hoc
666 531 960 612 instrumentum
989 557 1071 613 csse
1098 535 1310 613 necessario
1329 558 1395 637 po·

266 663 444 753 nendum,
464 662 572 741 cuius
591 661 749 740 latentia
766 662 972 741 multarum
991 662 1152 741 occlusit
1168 663 1242 773 iter
1259 664 1399 741 inuen-

268 787 426 866 tionum.

800 915 868 994 VI.

320 1167 454 1249 Genus
472 1176 626 1250 actuum
645 1172 827 1250 scrutinio
847 1178 1166 1276 prosequutorum
1180 1173 1220 1252 in
1236 1170 1404 1277 quinqua

265 1296 503 1377 distribuitur
521 1299 675 1402 species.
691 1300 1006 1404 Applicationem‚
1022 1300 1317 1397 Formationem
1331 1301 1407 1379 Im·

267 1427 525 1522 mutationem,
539 1427 830 1525 Adnnationem,
846 1426 886 1508 dr
899 1428 1198 1525 Ordinationem,
1208 1453 1294 1533 quae
1307 1451 1402 1508 sane

265 1559 462 1661 perpaucis
477 1565 577 1637 notae
591 1564 691 1637 sunt:
707 1558 825 1639 Sicut.
836 1584 874 1637 n.
890 1584 965 1638 non
980 1561 1189 1664 omnesqui
1205 1555 1402 1658 vident&

265 1688 438 1765 audiunt:
454 1689 637 1790 quomodo
656 1687 787 1765 vident
805 1684 846 1766 dr
865 1689 1052 1792 quomodo
1069 1688 1242 1778 andiunt,
1258 1683 1298 1765 dr
1312 1688 1402 1791 quid

266 1822 324 1895 est
338 1841 412 1921 quo
427 1818 567 1912 vident,
579 1814 619 1895 a
633 1818 722 1920 quid
736 1823 795 1895 est
809 1841 883 1921 quo
898 1818 1054 1895 audiant
1068 1817 1164 1895 bone
1177 1819 1331 1894 norunt:
1346 1815 1403 1892 ita

265 1942 1402 2049 &nonomnesquiapplicant,formantimmutant,adunant‚

266 2070 306 2153 ἃ
325 2075 513 2152 ordinant:
530 2075 657 2152 sciunt
675 2074 861 2179 quomodo
880 2073 964 2151 haec
982 2076 1176 2176 praestent,
1192 2068 1233 2151 dr
1247 2071 1337 2174 quid
1352 2071 1403 2149 sit

266 2226 340 2305 quo
356 2207 548 2306 praestent.
565 2202 704 2280 Notum
720 2203 813 2279 satis
828 2206 887 2279 ost
900 2201 940 2279 in
957 2200 1245 2280 uniuersalitate
1260 2195 1301 2278 ἃ
1314 2222 1402 2278 con·

265 2328 413 2407 fusione
431 2330 593 2433 quadam
613 2329 729 2409 bacca
744 2331 996 2409 ratiocinante
1006 2331 1133 2409 anima
1144 2329 1312 2433 produci:
1327 2326 1404 2406 Sed

266 2482 343 2537 non
363 2457 567 2537 admodum
585 2459 719 2562 quibus
738 2457 911 2562 proximet
929 2457 1122 2560 potentiis,
1137 2456 1399 2536 facultatibris·
1445 2490 1449 2496 ·

268 2612 328 2682 ue,
348 2583 389 2666 dr
408 2588 574 2692 organis:
593 2611 663 2665 nec
681 2592 725 2666 vt
743 2585 1001 2664 desideramus
1018 2591 1108 2664 ante
1126 2609 1196 2664 nos
1225 2583 1401 2688 apparuit

266 2715 330 2819 qui
349 2716 433 2794 haec
449 2715 562 2794 fuerit
580 2717 741 2793 rimatus
760 2714 930 2793 intimius
949 2739 1063 2817 quam
1077 2713 1230 2817 quidam
1245 2736 1293 2788 ex
1308 2714 1402 2790 Ara·

264 2841 375 2918 bibus
395 2843 456 2943 qui
478 2843 621 2920 versati
635 2846 724 2920 sunt
737 2841 840 2919 circa
855 2842 1150 2945 Peripateticum
1164 2839 1401 2944 disciplinam

267 2970 445 3074 aquibus
464 2971 645 3049 nonnulla
663 2976 847 3074 praetacta
865 2974 965 3048 sunt.
985 2968 1059 3048 Sed
1079 2969 1110 3046 si
1130 2993 1201 3046 nos
1221 2968 1304 3046 haec
1323 2992 1401 3044 om·

267 3098 332 3177 nia
351 3124 418 3201 por
437 3099 586 3203 singula
605 3099 766 3178 velimus
785 3104 823 3176 in
842 3098 1017 3177 notitiam
1036 3100 1248 3178 deducere:
1270 3096 1395 3175 maxi-

266 3249 370 3303 mum
391 3225 685 3328 aggrederemur
704 3227 918 3330 negocium,
939 3223 978 3304 dr
997 3224 1146 3304 difficile
1165 3227 1213 3304 ad
1232 3249 1400 3304 commu·

268 3352 489 3446 nicandum;
521 3355 729 3456 praesertim
764 3380 848 3432 cum
882 3356 1032 3434 videam
1059 3355 1295 3456 temporibus
1313 3354 1397 3432 istis

268 3507 477 3586 perpaucos
493 3484 581 3561 vcrd
592 3483 835 3586 philosophos
851 3488 893 3559 vt
906 3485 946 3560 in
957 3482 1130 3587 praeludij
1144 3482 1398 3586 significatum

267 3616 326 3690 ost
345 3613 551 3690 sententiis:
574 3612 682 3690 mitto
701 3637 814 3715 quam
833 3613 1046 3716 aliquorum
1070 3610 1266 3689 nominum
1283 3610 1396 3688 noui·

266 3745 325 3817 tas
345 3763 458 3842 quam
477 3763 587 3817 nouae
606 3746 769 3842 exigunt
787 3741 1038 3835 inuentiones,
1054 3744 1168 3844 atquc
1186 3737 1396 3819 considera·

265 3867 399 3962 tiones,
415 3868 595 3971 plurimos
610 3867 764 3946 ledcrct:
783 3870 855 3947 hac
870 3870 915 3948 de
931 3894 1044 3948 causa
1059 3894 1155 3947 smvr
1171 3896 1195 3946 n
1209 3891 1327 3962 nonis,
1343 3875 1397 3945 at·

265 4018 338 4097 que
349 3993 462 4072 etiam
479 3996 565 4097 quia
581 3998 629 4074 ad
644 3997 843 4100 negocium
859 3997 960 4075 istud
971 3997 1069 4100 quod
1084 3998 1131 4074 ad
1142 3997 1292 4100 praxim
1304 4020 1397 4096 prae·

266 4118 377 4223 cipud
405 4120 581 4223 dirigitur
608 4148 680 4201 non
713 4132 885 4229 spectant
913 4123 1153 4202 necessario:
1182 4122 1275 4200 illud
1303 4146 1396 4223 ergo

268 4248 431 4328 maxime
451 4250 827 4333 animaduertendum
848 4260 906 4331 est
924 4252 1024 4357 quod
1042 4252 1089 4331 do
1108 4251 1290 4330 scrutinio
1309 4273 1396 4328 cum

266 4377 488 4482 quandoque
507 4381 736 4459 enumeratis
754 4407 855 4460 nunc
874 4372 1047 4462 ordinate
1065 4380 1356 4459 subinferemus.
