3344 5124
773 354 932 415 ..46-

274 501 448 603 producit
464 500 503 579 in
521 525 694 595 numero,
712 526 789 580 non
807 500 960 578 nouiter
975 502 1105 576 tamen
1121 493 1250 601 (modo
1267 493 1354 602 suo)
1371 496 1403 574 si

271 653 420 732 semper
435 629 569 708 colem
580 632 700 725 ,modo
718 635 910 734 operatur.
931 629 1048 707 Ratio
1067 652 1187 705 nouas
1205 633 1321 729 atque
1339 651 1405 704 no

272 757 370 834 nitor
387 756 425 833 in
456 755 647 834 infinitum
675 759 819 859 species
848 757 997 833 format:
1026 779 1268 856 componens,
1298 754 1400 832 diui·

270 885 376 978 deus,
395 885 634 976 abstrahens
650 886 891 977 contrahens,
909 885 1063 975 addens,
1082 884 1325 975 subtrahens,
1345 910 1401 961 or·

270 1013 420 1106 dinans,
439 1011 680 1090 deonlinans.

702 1261 875 1308 OONOEPI'VS
886 1263 971 1307 XII]

322 1469 557 1547 Deformium
589 1468 811 1547 animalium
843 1469 996 1560 formae,
1029 1469 1205 1546 formosae
1241 1467 1402 1545 suntin

272 1596 378 1674 caelo.
397 1596 640 1676 Metallorum
660 1599 698 1676 iu
717 1621 851 1675 senon
871 1595 1077 1675 lucentium
1106 1595 1252 1687 formae,
1272 1594 1400 1673 lucent

271 1726 310 1802 in
329 1724 492 1829 planetis
510 1725 602 1805 suis.
620 1727 706 1803 Non
726 1728 825 1803 enim
845 1724 980 1816 homo,
1000 1748 1071 1801 nec
1096 1723 1298 1818 animalia,
1329 1748 1399 1802 nec

269 1852 421 1930 metalla
439 1858 483 1929 vt
501 1853 565 1931 hic
584 1860 685 1947 suut,
704 1851 781 1931 illic
800 1854 980 1929 existunt.
993 1850 1117 1935 Quod.
1129 1877 1167 1930 n.
1179 1851 1241 1930 hic
1259 1852 1401 1929 discur-

268 1981 318 2056 rit
354 1979 428 2057 illic
455 1989 543 2059 actu
572 1983 705 2082 viget,
734 1981 965 2058 discursione
997 1981 1194 2083 superiori.
1224 1981 1397 2057 Virtutes

267 2107 367 2185 enim
382 2132 468 2208 quae
484 2133 616 2185 versus
632 2109 830 2186 materiam
845 2109 1097 2212 explicantur:
1118 2133 1251 2186 versus
1269 2115 1399 2185 actum

269 2237 429 2339 primum
450 2241 646 2315 uniuntur:
666 2235 704 2314 ἁ
725 2237 1011 2339 complicantur.
1035 2237 1144 2314 Vnde
1167 2242 1272 2340 patet
1299 2235 1398 2341 quod

267 2364 396 2466 dicunt
414 2365 617 2456 Platonici,
637 2366 757 2443 ideam
786 2366 993 2468 quamlibet
1021 2391 1149 2444 rerum
1176 2365 1291 2442 etiam
1322 2390 1396 2442 uun

268 2493 490 2582 uiuentium,
502 2495 618 2571 vitam
630 2520 713 2572 esse
728 2493 768 2573 St
782 2495 1071 2598 intelligentiam
1088 2491 1289 2596 quandam.
1301 2491 1396 2569 Item

268 2618 308 2700 Su
335 2620 375 2698 in
404 2622 525 2722 prima
546 2628 673 2698 mente
692 2645 806 2699 unam
826 2646 908 2699 esse
928 2646 1055 2698 rernm
1074 2620 1241 2697 omnium
1260 2620 1395 2712 ideam,

270 2749 517 2827 llluminando
546 2752 673 2853 igitur,
693 2750 931 2842 viuificaudo‚
952 2746 992 2826 tt
1021 2750 1194 2841 uniendo,
1222 2749 1397 2850 estquod

191 2971 197 2981 ι
269 2886 305 2954 te
315 2878 570 2979 superioribus
581 2878 779 2979 agentibus
794 2877 1044 2972 conformem,
1058 2878 1098 2955 in
1114 2878 1394 2978 conceptionem

267 3001 577 3082 &retentionem
597 3006 806 3106 specierum
826 3005 1007 3082 efferaris.

690 3255 863 3300 coxcmvs
880 3255 937 3299 1111.
952 3257 972 3298 N

319 3459 501 3539 Continet
519 3461 658 3554 lumen,
677 3460 758 3538 vita
771 3461 1033 3565 intelligentia,
1044 3462 1245 3564 unitasque
1260 3463 1395 3565 prima:

266 3614 395 3668 omnes
414 3590 826 3693 specieS‚perfectiones
843 3596 1034 3688 veritates
1046 3618 1237 3684 numeros,
1252 3619 1393 3671 rerum·

266 3743 338 3821 que
357 3719 507 3820 gradus.
527 3719 627 3796 Dum
646 3745 731 3823 quae
751 3720 788 3797 in
808 3726 945 3798 natura
963 3725 1052 3798 sunt
1069 3722 1294 3813 differentia,
1309 3748 1394 3800 con·

267 3847 395 3938 traria,
416 3852 528 3948 atque
547 3847 708 3926 diuersa:
729 3850 766 3926 in
787 3877 832 3927 ea
849 3856 939 3926 sunt
957 3850 1099 3939 eadem,
1116 3853 1393 3943 conuenientia,

265 3971 306 4053 a
325 3999 454 4053 vnum.
483 3977 605 4053 Teuta
623 3975 739 4079 igitur
766 4003 815 4054 an
835 3977 956 4079 possis
978 3977 1120 4056 viribus
1140 3979 1215 4055 tuis
1235 3978 1391 4055 identifi-

265 4131 365 4200 care,
385 4107 642 4201 concordare,
672 4103 711 4183 ὣ
731 4107 839 4183 unire
868 4112 1038 4208 receptas
1066 4106 1221 4208 species,
1250 4103 1290 4184 Su
1319 4133 1391 4184 nou

265 4233 442 4333 fatigabis
453 4233 831 4335 ingeniumzmentem
843 4257 917 4311 non
928 4229 1393 4325 turbabis‚8nmemoria1u

264 4387 340 4440 nou
360 4363 576 4440 contundes.
