3344 5124
698 367 860 431 ..27-

544 673 717 728 INTENTIO
745 673 933 728 inunctus.
966 672 999 725 1..

258 910 476 1002 Considera,
497 907 679 986 mundum
693 907 809 985 istum
829 930 1052 1007 corporeum
1063 909 1235 1010 partibus
1254 909 1335 985 eius

206 1042 360 1116 omnino
379 1038 563 1115 similibus
581 1037 839 1127 existentibus,
855 1037 1061 1114 formosum
1077 1062 1159 1112 esso
1178 1060 1254 1113 non
1275 1063 1336 1138 po·

208 1168 335 1247 luisse.
352 1169 395 1245 In
415 1168 610 1244 variorum
629 1190 719 1268 ergo
739 1167 986 1255 connexione,
998 1167 1162 1267 partium
1173 1164 1334 1266 pulchri·

207 1297 297 1373 tudo
316 1296 599 1374 manifestatur:
621 1291 661 1372 dc
679 1296 718 1371 in
738 1295 818 1395 ipsa
838 1295 1024 1373 varietate
1043 1296 1159 1372 totius
1174 1294 1335 1397 pulchri·

207 1427 297 1504 tudo
317 1426 502 1503 consistit.
522 1425 621 1501 Hinc
641 1424 694 1501 rei
717 1423 927 1501 vmbratilis
947 1423 1042 1500 visio
1061 1429 1121 1500 est
1147 1423 1336 1501 visionum

207 1552 554 1656 imperfectissima:
575 1552 663 1654 quia
682 1551 779 1654 quod
799 1552 924 1654 imago
948 1577 1033 1629 cum
1063 1551 1247 1628 varietate
1276 1552 1340 1628 de·

207 1685 413 1758 monstrat:
444 1682 578 1758 vmbra
605 1681 702 1782 quod
732 1685 790 1758 est
816 1680 917 1758 infra
944 1682 1169 1760 extrinsecae
1205 1682 1340 1785 figuras

208 1810 391 1887 terminos
411 1817 453 1886 vt
466 1808 672 1911 plurimum
688 1811 803 1886 etiam
818 1809 1030 1903 ementitos
1046 1809 1153 1911 quasi
1168 1810 1251 1886 sina
1269 1834 1329 1884 va·

208 1939 343 2015 rietate
361 1938 513 2038 profert.
526 1938 581 2013 De
597 1937 729 2013 vmbra
744 1937 903 2014 dixerim
920 1944 1106 2040 quatenns
1118 1940 1251 2016 umbra
1270 1946 1340 2015 ost:

211 2093 285 2167 non
301 2075 427 2145 autem
442 2069 518 2169 qua
536 2066 623 2144 talis
639 2091 749 2168 quam
769 2065 808 2158 in
829 2068 1020 2169 proposito
1038 2067 1252 2169 recipimus.

618 2345 788 2401 mruurto
815 2346 879 2400 x11.
908 2344 947 2399 Μ.

263 2585 406 2664 Varum
427 2585 734 2689 Anaxagoricum
751 2585 877 2664 Chaos
899 2589 1056 2665 estsine
1075 2589 1203 2667 ordino
1226 2592 1341 2668 varie·

212 2720 282 2792 las.
303 2714 411 2792 Sicut
428 2714 546 2816 igitur
560 2715 599 2790 in
619 2714 702 2816 ipsa
729 2739 858 2793 rorum
879 2715 1063 2793 varietata
1084 2717 1343 2797 admirabilem

215 2843 476 2922 concomimus
495 2842 675 2920 ordinem.
697 2841 769 2927 Qui
790 2867 1066 2945 supraemorum
1084 2871 1171 2924 cnm
1190 2846 1343 2941 infimis,

211 2969 251 3049 dr
290 2973 505 3049 infimorum
538 2996 625 3048 cum
654 2973 841 3072 supremis
875 2972 1148 3051 connexionem
1177 2974 1341 3053 faciens:

214 3099 252 3176 in
280 3100 574 3204 pulcherrimam
604 3100 716 3177 vnius
754 3101 881 3203 magni
914 3101 1091 3180 animalis
1122 3100 1248 3206 (quale
1286 3111 1343 3183 est

213 3227 392 3332 mundus)
419 3226 576 3314 faciem,
606 3228 805 3305 uniuersas
833 3229 925 3306 lacit
953 3230 1169 3333 conspirare
1201 3240 1342 3335 partas.

213 3353 308 3433 Cum
325 3356 474 3431 tautum
492 3353 663 3430 ordinem
689 3357 796 3430 tanta
814 3353 1025 3432 diuersitas:
1047 3352 1087 3434 dr
1114 3360 1262 3435 tantam
1282 3345 1339 3436 di·

214 3483 430 3561 uersitatem
446 3486 576 3560 tantus
596 3482 685 3560 ordo
705 3483 887 3586 requirat.
906 3482 1042 3560 Nullus
1057 3485 1158 3564 enim
1173 3487 1263 3564 ordo
1280 3489 1342 3565 vbi

209 3611 314 3689 nulla
332 3610 531 3688 diuersitas
550 3614 656 3688 extat
675 3612 874 3714 reperitur.
894 3610 1003 3688 Vnda
1023 3588 1186 3716 primum
1205 3616 1339 3718 princi·

210 3739 313 3843 pium
333 3762 403 3816 nec
421 3739 647 3831 ordinatum,
664 3763 733 3818 nco
751 3737 938 3816 inordina
956 3735 1044 3815 licet
1063 3738 1285 3843 intelligere.

607 4020 778 4074 INTEN'I'lO
806 4020 885 4073 xul.
914 4022 951 4073 N.

267 4253 379 4334 Oartd
398 4256 429 4333 si
450 4257 764 4360 quemadmodum
784 4254 1053 4334 indissolubilis
1073 4257 1275 4335 concordia
1304 4259 1346 4335 fi-

214 4406 282 4460 nes
302 4383 509 4485 primorum
524 4386 713 4463 connectit
731 4384 925 4489 principiis
941 4385 1205 4479 secundorum3
1217 4382 1258 4464 dr
1272 4386 1344 4464 cal·
