<?xml version="1.0" encoding="UTF-8"?>
<!DOCTYPE html PUBLIC "-//W3C//DTD XHTML 1.0 Transitional//EN"
    "http://www.w3.org/TR/xhtml1/DTD/xhtml1-transitional.dtd">
<html xmlns="http://www.w3.org/1999/xhtml" xml:lang="en" lang="en">
 <head>
  <title>
</title>
<meta http-equiv="Content-Type" content="text/html;charset=utf-8" />
  <meta name='ocr-system' content='tesseract 3.04.00' />
  <meta name='ocr-capabilities' content='ocr_page ocr_carea ocr_par ocr_line ocrx_word'/>
</head>
<body>
  <div class='ocr_page' id='page_1' title='image "./jordanibruninol06brungoog_0067.png"; bbox 0 0 3344 5124; ppageno 0'>
   <div class='ocr_carea' id='block_1_1' title="bbox 868 402 1028 473">
    <p class='ocr_par' dir='ltr' id='par_1_1' title="bbox 868 402 1028 473">
     <span class='ocr_line' id='line_1_1' title="bbox 868 402 1028 473; baseline -0.006 -11"><span class='ocrx_word' id='word_1_1' title='bbox 868 402 1028 473; x_wconf 52' lang='lat'>-.58-</span> 
     </span>
    </p>
   </div>
   <div class='ocr_carea' id='block_1_2' title="bbox 380 558 1513 921">
    <p class='ocr_par' dir='ltr' id='par_1_2' title="bbox 380 558 1513 921">
     <span class='ocr_line' id='line_1_2' title="bbox 380 558 1513 663; baseline -0.002 -23"><span class='ocrx_word' id='word_1_2' title='bbox 380 559 565 642; x_wconf 86' lang='lat' dir='ltr'>rationem</span> <span class='ocrx_word' id='word_1_3' title='bbox 582 558 623 638; x_wconf 91' lang='lat' dir='ltr'>in</span> <span class='ocrx_word' id='word_1_4' title='bbox 641 558 765 639; x_wconf 88' lang='lat' dir='ltr'>forma</span> <span class='ocrx_word' id='word_1_5' title='bbox 792 561 1005 640; x_wconf 81' lang='lat' dir='ltr'>extrinseca</span> <span class='ocrx_word' id='word_1_6' title='bbox 1033 584 1200 663; x_wconf 88' lang='lat' dir='ltr'>ponere:</span> <span class='ocrx_word' id='word_1_7' title='bbox 1228 583 1317 640; x_wconf 87' lang='lat' dir='ltr'>eum</span> <span class='ocrx_word' id='word_1_8' title='bbox 1343 583 1408 640; x_wconf 86' lang='lat' dir='ltr'>ars</span> <span class='ocrx_word' id='word_1_9' title='bbox 1434 582 1513 639; x_wconf 92' lang='lat' dir='ltr'>nou</span> 
     </span>
     <span class='ocr_line' id='line_1_3' title="bbox 380 685 1513 794; baseline 0 -28"><span class='ocrx_word' id='word_1_10' title='bbox 380 687 582 794; x_wconf 81' lang='lat' dir='ltr'><strong>profundet</strong></span> <span class='ocrx_word' id='word_1_11' title='bbox 601 691 640 766; x_wconf 91' lang='lat' dir='ltr'>in</span> <span class='ocrx_word' id='word_1_12' title='bbox 658 685 793 767; x_wconf 90' lang='lat' dir='ltr'>intima</span> <span class='ocrx_word' id='word_1_13' title='bbox 810 688 993 767; x_wconf 86' lang='lat' dir='ltr'>materiae.</span> <span class='ocrx_word' id='word_1_14' title='bbox 1010 686 1086 768; x_wconf 86' lang='lat' dir='ltr'>Sed</span> <span class='ocrx_word' id='word_1_15' title='bbox 1104 688 1168 769; x_wconf 91' lang='lat' dir='ltr'>hic</span> <span class='ocrx_word' id='word_1_16' title='bbox 1185 688 1303 770; x_wconf 86' lang='lat' dir='ltr'>distat</span> <span class='ocrx_word' id='word_1_17' title='bbox 1328 690 1354 769; x_wconf 80' lang='lat' dir='ltr'>t</span> <span class='ocrx_word' id='word_1_18' title='bbox 1378 692 1513 769; x_wconf 84' lang='lat' dir='ltr'>nostra</span> 
     </span>
     <span class='ocr_line' id='line_1_4' title="bbox 383 813 1065 921; baseline 0.003 -28"><span class='ocrx_word' id='word_1_19' title='bbox 383 815 614 894; x_wconf 86' lang='lat' dir='ltr'>intentione:</span> <span class='ocrx_word' id='word_1_20' title='bbox 633 813 688 892; x_wconf 86' lang='lat' dir='ltr'>ita</span> <span class='ocrx_word' id='word_1_21' title='bbox 707 818 751 893; x_wconf 88' lang='lat' dir='ltr'>vt</span> <span class='ocrx_word' id='word_1_22' title='bbox 768 839 846 895; x_wconf 92' lang='lat' dir='ltr'>non</span> <span class='ocrx_word' id='word_1_23' title='bbox 863 814 1065 921; x_wconf 84' lang='lat' dir='ltr'>intelligat</span> 
     </span>
    </p>
   </div>
   <div class='ocr_carea' id='block_1_3' title="bbox 923 1052 972 1131">
    <p class='ocr_par' dir='ltr' id='par_1_3' title="bbox 923 1052 972 1131">
     <span class='ocr_line' id='line_1_5' title="bbox 923 1052 972 1131; baseline 0 0"><span class='ocrx_word' id='word_1_24' title='bbox 923 1052 972 1131; x_wconf 91' lang='lat' dir='ltr'>V.</span> 
     </span>
    </p>
   </div>
   <div class='ocr_carea' id='block_1_4' title="bbox 379 1291 1516 2802">
    <p class='ocr_par' dir='ltr' id='par_1_4' title="bbox 379 1291 1516 2802">
     <span class='ocr_line' id='line_1_6' title="bbox 436 1291 1512 1402; baseline -0.002 -24"><span class='ocrx_word' id='word_1_25' title='bbox 436 1291 545 1378; x_wconf 87' lang='lat' dir='ltr'>Quod</span> <span class='ocrx_word' id='word_1_26' title='bbox 564 1294 597 1373; x_wconf 91' lang='lat' dir='ltr'>si</span> <span class='ocrx_word' id='word_1_27' title='bbox 615 1293 670 1373; x_wconf 86' lang='lat' dir='ltr'>ita</span> <span class='ocrx_word' id='word_1_28' title='bbox 687 1298 747 1373; x_wconf 83' lang='lat' dir='ltr'>ert</span> <span class='ocrx_word' id='word_1_29' title='bbox 764 1297 807 1373; x_wconf 89' lang='lat' dir='ltr'>vt</span> <span class='ocrx_word' id='word_1_30' title='bbox 821 1292 954 1372; x_wconf 90' lang='lat' dir='ltr'>melius</span> <span class='ocrx_word' id='word_1_31' title='bbox 969 1292 1322 1399; x_wconf 81' lang='lat' dir='ltr'>philosophantibus</span> <span class='ocrx_word' id='word_1_32' title='bbox 1340 1300 1512 1402; x_wconf 89' lang='lat' dir='ltr'>apparet:</span> 
     </span>
     <span class='ocr_line' id='line_1_7' title="bbox 379 1417 1512 1527; baseline 0.003 -31"><span class='ocrx_word' id='word_1_33' title='bbox 379 1417 417 1496; x_wconf 92' lang='lat' dir='ltr'>id</span> <span class='ocrx_word' id='word_1_34' title='bbox 435 1421 535 1524; x_wconf 91' lang='lat' dir='ltr'>quod</span> <span class='ocrx_word' id='word_1_35' title='bbox 554 1420 677 1524; x_wconf 82' lang='lat' dir='ltr'>primo</span> <span class='ocrx_word' id='word_1_36' title='bbox 704 1425 765 1499; x_wconf 88' lang='lat' dir='ltr'>est</span> <span class='ocrx_word' id='word_1_37' title='bbox 780 1446 843 1499; x_wconf 90' lang='lat' dir='ltr'>ars</span> <span class='ocrx_word' id='word_1_38' title='bbox 864 1420 918 1498; x_wconf 93' lang='lat' dir='ltr'>nil</span> <span class='ocrx_word' id='word_1_39' title='bbox 937 1421 1040 1499; x_wconf 90' lang='lat' dir='ltr'>aliud</span> <span class='ocrx_word' id='word_1_40' title='bbox 1058 1426 1117 1499; x_wconf 91' lang='lat' dir='ltr'>est</span> <span class='ocrx_word' id='word_1_41' title='bbox 1143 1422 1368 1519; x_wconf 85' lang='lat' dir='ltr'>dicendum:</span> <span class='ocrx_word' id='word_1_42' title='bbox 1398 1424 1512 1527; x_wconf 76' lang='lat' dir='ltr'>quam</span> 
     </span>
     <span class='ocr_line' id='line_1_8' title="bbox 380 1548 1514 1654; baseline 0.004 -30"><span class='ocrx_word' id='word_1_43' title='bbox 380 1552 529 1627; x_wconf 89' lang='lat' dir='ltr'>naturae</span> <span class='ocrx_word' id='word_1_44' title='bbox 548 1548 709 1628; x_wconf 87' lang='lat' dir='ltr'>tacultas</span> <span class='ocrx_word' id='word_1_45' title='bbox 728 1552 891 1627; x_wconf 90' lang='lat' dir='ltr'>connata</span> <span class='ocrx_word' id='word_1_46' title='bbox 919 1548 1069 1644; x_wconf 89' lang='lat' dir='ltr'>rationi,</span> <span class='ocrx_word' id='word_1_47' title='bbox 1099 1574 1186 1628; x_wconf 91' lang='lat' dir='ltr'>cum</span> <span class='ocrx_word' id='word_1_48' title='bbox 1213 1551 1419 1631; x_wconf 87' lang='lat' dir='ltr'>seminibus</span> <span class='ocrx_word' id='word_1_49' title='bbox 1437 1551 1514 1654; x_wconf 93' lang='lat' dir='ltr'>pri·</span> 
     </span>
     <span class='ocr_line' id='line_1_9' title="bbox 381 1675 1512 1783; baseline 0.004 -31"><span class='ocrx_word' id='word_1_50' title='bbox 381 1698 531 1754; x_wconf 89' lang='lat' dir='ltr'>morum</span> <span class='ocrx_word' id='word_1_51' title='bbox 550 1675 849 1779; x_wconf 90' lang='lat' dir='ltr'>principiorum,</span> <span class='ocrx_word' id='word_1_52' title='bbox 868 1675 1004 1778; x_wconf 91' lang='lat' dir='ltr'>quibus</span> <span class='ocrx_word' id='word_1_53' title='bbox 1023 1677 1122 1755; x_wconf 89' lang='lat' dir='ltr'>inest</span> <span class='ocrx_word' id='word_1_54' title='bbox 1140 1680 1337 1781; x_wconf 88' lang='lat' dir='ltr'>potentia,</span> <span class='ocrx_word' id='word_1_55' title='bbox 1365 1705 1441 1783; x_wconf 91' lang='lat' dir='ltr'>qua</span> <span class='ocrx_word' id='word_1_56' title='bbox 1463 1679 1512 1756; x_wconf 91' lang='lat' dir='ltr'>ab</span> 
     </span>
     <span class='ocr_line' id='line_1_10' title="bbox 382 1804 1514 1908; baseline 0 -26"><span class='ocrx_word' id='word_1_57' title='bbox 382 1805 620 1883; x_wconf 83' lang='lat' dir='ltr'>extrinsecus</span> <span class='ocrx_word' id='word_1_58' title='bbox 639 1804 794 1882; x_wconf 88' lang='lat' dir='ltr'>obiectis</span> <span class='ocrx_word' id='word_1_59' title='bbox 814 1810 1008 1908; x_wconf 79' lang='lat' dir='ltr'>tamquam</span> <span class='ocrx_word' id='word_1_60' title='bbox 1027 1805 1183 1883; x_wconf 89' lang='lat' dir='ltr'>diversis</span> <span class='ocrx_word' id='word_1_61' title='bbox 1204 1805 1418 1885; x_wconf 80' lang='lat' dir='ltr'>illectantur</span> <span class='ocrx_word' id='word_1_62' title='bbox 1436 1804 1514 1883; x_wconf 87' lang='lat' dir='ltr'>ille·</span> 
     </span>
     <span class='ocr_line' id='line_1_11' title="bbox 380 1926 1513 2034; baseline 0.002 -27"><span class='ocrx_word' id='word_1_63' title='bbox 380 1930 514 2026; x_wconf 81' lang='lat' dir='ltr'>cebris:</span> <span class='ocrx_word' id='word_1_64' title='bbox 527 1926 567 2008; x_wconf 64' lang='grc' dir='ltr'>ἅ</span> <span class='ocrx_word' id='word_1_65' title='bbox 586 1932 634 2008; x_wconf 89' lang='lat' dir='ltr'>ab</span> <span class='ocrx_word' id='word_1_66' title='bbox 653 1936 790 2034; x_wconf 83' lang='lat' dir='ltr'>agente</span> <span class='ocrx_word' id='word_1_67' title='bbox 808 1928 1001 2010; x_wconf 82' lang='lat' dir='ltr'>intellectu</span> <span class='ocrx_word' id='word_1_68' title='bbox 1015 1936 1197 2034; x_wconf 81' lang='lat' dir='ltr'><strong>tanquam</strong></span> <span class='ocrx_word' id='word_1_69' title='bbox 1212 1932 1417 2010; x_wconf 80' lang='lat' dir='ltr'>irradiante</span> <span class='ocrx_word' id='word_1_70' title='bbox 1431 1930 1513 2009; x_wconf 89' lang='lat' dir='ltr'>sole</span> 
     </span>
     <span class='ocr_line' id='line_1_12' title="bbox 382 2057 1495 2173; baseline -0.002 -34"><span class='ocrx_word' id='word_1_71' title='bbox 382 2061 632 2140; x_wconf 81' lang='lat' dir='ltr'>illustrentur:</span> <span class='ocrx_word' id='word_1_72' title='bbox 644 2057 684 2140; x_wconf 74' lang='lat' dir='ltr'>dc</span> <span class='ocrx_word' id='word_1_73' title='bbox 694 2063 741 2139; x_wconf 91' lang='lat' dir='ltr'>ab</span> <span class='ocrx_word' id='word_1_74' title='bbox 752 2062 905 2140; x_wconf 84' lang='lat' dir='ltr'>aeternis</span> <span class='ocrx_word' id='word_1_75' title='bbox 915 2061 1014 2140; x_wconf 89' lang='lat' dir='ltr'>Ideis</span> <span class='ocrx_word' id='word_1_76' title='bbox 1024 2061 1133 2164; x_wconf 88' lang='lat' dir='ltr'>quasi</span> <span class='ocrx_word' id='word_1_77' title='bbox 1143 2063 1310 2139; x_wconf 91' lang='lat' dir='ltr'>siderum</span> <span class='ocrx_word' id='word_1_78' title='bbox 1324 2061 1495 2173; x_wconf 84' lang='lat' dir='ltr'>mediant</span> 
     </span>
     <span class='ocr_line' id='line_1_13' title="bbox 383 2188 1514 2293; baseline 0.001 -26"><span class='ocrx_word' id='word_1_79' title='bbox 383 2212 569 2267; x_wconf 80' lang='lat' dir='ltr'>concursu</span> <span class='ocrx_word' id='word_1_80' title='bbox 589 2188 777 2268; x_wconf 84' lang='lat' dir='ltr'>influxum</span> <span class='ocrx_word' id='word_1_81' title='bbox 797 2188 992 2290; x_wconf 86' lang='lat' dir='ltr'>recipiant:</span> <span class='ocrx_word' id='word_1_82' title='bbox 1012 2189 1100 2267; x_wconf 93' lang='lat' dir='ltr'>dum</span> <span class='ocrx_word' id='word_1_83' title='bbox 1121 2190 1168 2267; x_wconf 91' lang='lat' dir='ltr'>ab</span> <span class='ocrx_word' id='word_1_84' title='bbox 1188 2190 1328 2293; x_wconf 88' lang='lat' dir='ltr'>optimo</span> <span class='ocrx_word' id='word_1_85' title='bbox 1344 2188 1514 2268; x_wconf 86' lang='lat' dir='ltr'>maximo</span> 
     </span>
     <span class='ocr_line' id='line_1_14' title="bbox 380 2316 1514 2420; baseline -0.002 -24"><span class='ocrx_word' id='word_1_86' title='bbox 380 2317 625 2396; x_wconf 89' lang='lat' dir='ltr'>foecundaute</span> <span class='ocrx_word' id='word_1_87' title='bbox 653 2320 790 2394; x_wconf 88' lang='lat' dir='ltr'>cuncta</span> <span class='ocrx_word' id='word_1_88' title='bbox 817 2316 856 2393; x_wconf 90' lang='lat' dir='ltr'>iu</span> <span class='ocrx_word' id='word_1_89' title='bbox 885 2320 1026 2403; x_wconf 87' lang='lat' dir='ltr'>actum,</span> <span class='ocrx_word' id='word_1_90' title='bbox 1046 2322 1159 2419; x_wconf 89' lang='lat' dir='ltr'>atque</span> <span class='ocrx_word' id='word_1_91' title='bbox 1185 2317 1295 2394; x_wconf 82' lang='lat' dir='ltr'>linem</span> <span class='ocrx_word' id='word_1_92' title='bbox 1318 2317 1514 2420; x_wconf 88' lang='lat' dir='ltr'>proprium</span> 
     </span>
     <span class='ocr_line' id='line_1_15' title="bbox 382 2443 1516 2548; baseline -0.002 -26"><span class='ocrx_word' id='word_1_93' title='bbox 382 2469 451 2548; x_wconf 91' lang='lat' dir='ltr'>pro</span> <span class='ocrx_word' id='word_1_94' title='bbox 472 2444 616 2522; x_wconf 85' lang='lat' dir='ltr'>viribus</span> <span class='ocrx_word' id='word_1_95' title='bbox 632 2443 942 2546; x_wconf 89' lang='lat' dir='ltr'>consequendum</span> <span class='ocrx_word' id='word_1_96' title='bbox 960 2443 1195 2521; x_wconf 87' lang='lat' dir='ltr'>ordinentur.</span> <span class='ocrx_word' id='word_1_97' title='bbox 1211 2444 1270 2521; x_wconf 81' lang='lat' dir='ltr'>Ex</span> <span class='ocrx_word' id='word_1_98' title='bbox 1284 2443 1420 2548; x_wconf 89' lang='lat' dir='ltr'>quibus</span> <span class='ocrx_word' id='word_1_99' title='bbox 1439 2468 1516 2520; x_wconf 91' lang='lat' dir='ltr'>ma·</span> 
     </span>
     <span class='ocr_line' id='line_1_16' title="bbox 382 2568 1516 2671; baseline -0.002 -23"><span class='ocrx_word' id='word_1_100' title='bbox 382 2569 587 2648; x_wconf 85' lang='lat' dir='ltr'>nilestatur</span> <span class='ocrx_word' id='word_1_101' title='bbox 614 2594 688 2647; x_wconf 91' lang='lat' dir='ltr'>non</span> <span class='ocrx_word' id='word_1_102' title='bbox 716 2569 858 2646; x_wconf 76' lang='lat' dir='ltr'>temere</span> <span class='ocrx_word' id='word_1_103' title='bbox 886 2593 955 2647; x_wconf 93' lang='lat' dir='ltr'>nos</span> <span class='ocrx_word' id='word_1_104' title='bbox 983 2568 1153 2647; x_wconf 90' lang='lat' dir='ltr'>dedalam</span> <span class='ocrx_word' id='word_1_105' title='bbox 1172 2573 1351 2671; x_wconf 89' lang='lat' dir='ltr'>naturam</span> <span class='ocrx_word' id='word_1_106' title='bbox 1374 2568 1516 2647; x_wconf 89' lang='lat' dir='ltr'>artium</span> 
     </span>
     <span class='ocr_line' id='line_1_17' title="bbox 381 2696 1486 2802; baseline -0.001 -24"><span class='ocrx_word' id='word_1_107' title='bbox 381 2698 552 2778; x_wconf 90' lang='lat' dir='ltr'>omnium</span> <span class='ocrx_word' id='word_1_108' title='bbox 570 2696 725 2786; x_wconf 86' lang='lat' dir='ltr'>fontem,</span> <span class='ocrx_word' id='word_1_109' title='bbox 743 2701 858 2800; x_wconf 85' lang='lat' dir='ltr'>atquc</span> <span class='ocrx_word' id='word_1_110' title='bbox 876 2699 1127 2777; x_wconf 83' lang='lat' dir='ltr'>substantiam</span> <span class='ocrx_word' id='word_1_111' title='bbox 1145 2696 1242 2778; x_wconf 80' lang='lat' dir='ltr'>velle</span> <span class='ocrx_word' id='word_1_112' title='bbox 1260 2697 1486 2802; x_wconf 88' lang='lat' dir='ltr'>nuncupari.</span> 
     </span>
    </p>
   </div>
   <div class='ocr_carea' id='block_1_5' title="bbox 918 2960 985 3040">
    <p class='ocr_par' dir='ltr' id='par_1_5' title="bbox 918 2960 985 3040">
     <span class='ocr_line' id='line_1_18' title="bbox 918 2960 985 3040; baseline 0.015 -1"><span class='ocrx_word' id='word_1_113' title='bbox 918 2960 985 3040; x_wconf 90' lang='lat' dir='ltr'>VI.</span> 
     </span>
    </p>
   </div>
   <div class='ocr_carea' id='block_1_6' title="bbox 382 3214 1518 4476">
    <p class='ocr_par' dir='ltr' id='par_1_6' title="bbox 382 3214 1518 4476">
     <span class='ocr_line' id='line_1_19' title="bbox 436 3214 1516 3321; baseline -0.004 -24"><span class='ocrx_word' id='word_1_114' title='bbox 436 3214 685 3297; x_wconf 87' lang='lat' dir='ltr'>Consideratc</span> <span class='ocrx_word' id='word_1_115' title='bbox 704 3216 822 3321; x_wconf 85' lang='lat' dir='ltr'>igitur</span> <span class='ocrx_word' id='word_1_116' title='bbox 840 3243 915 3321; x_wconf 90' lang='lat' dir='ltr'>qua</span> <span class='ocrx_word' id='word_1_117' title='bbox 932 3218 1142 3298; x_wconf 89' lang='lat' dir='ltr'>intentione</span> <span class='ocrx_word' id='word_1_118' title='bbox 1160 3217 1346 3321; x_wconf 89' lang='lat' dir='ltr'>possimus</span> <span class='ocrx_word' id='word_1_119' title='bbox 1365 3240 1516 3321; x_wconf 86' lang='lat' dir='ltr'>expres·</span> 
     </span>
     <span class='ocr_line' id='line_1_20' title="bbox 382 3345 1517 3448; baseline -0.001 -24"><span class='ocrx_word' id='word_1_120' title='bbox 382 3345 491 3442; x_wconf 87' lang='lat' dir='ltr'>sisse,</span> <span class='ocrx_word' id='word_1_121' title='bbox 501 3354 623 3425; x_wconf 90' lang='lat' dir='ltr'>artem</span> <span class='ocrx_word' id='word_1_122' title='bbox 642 3345 681 3422; x_wconf 94' lang='lat' dir='ltr'>in</span> <span class='ocrx_word' id='word_1_123' title='bbox 700 3346 925 3448; x_wconf 89' lang='lat' dir='ltr'>quibusdam</span> <span class='ocrx_word' id='word_1_124' title='bbox 945 3347 1130 3427; x_wconf 87' lang='lat' dir='ltr'>excellere</span> <span class='ocrx_word' id='word_1_125' title='bbox 1143 3351 1332 3426; x_wconf 89' lang='lat' dir='ltr'>naturam:</span> <span class='ocrx_word' id='word_1_126' title='bbox 1343 3346 1517 3425; x_wconf 91' lang='lat' dir='ltr'>eandem·</span> 
     </span>
     <span class='ocr_line' id='line_1_21' title="bbox 385 3473 1515 3578; baseline -0.001 -25"><span class='ocrx_word' id='word_1_127' title='bbox 385 3500 458 3578; x_wconf 91' lang='lat' dir='ltr'>que</span> <span class='ocrx_word' id='word_1_128' title='bbox 476 3476 516 3553; x_wconf 91' lang='lat' dir='ltr'>in</span> <span class='ocrx_word' id='word_1_129' title='bbox 534 3475 618 3553; x_wconf 89' lang='lat' dir='ltr'>aliis</span> <span class='ocrx_word' id='word_1_130' title='bbox 638 3476 686 3552; x_wconf 87' lang='lat' dir='ltr'>ab</span> <span class='ocrx_word' id='word_1_131' title='bbox 704 3474 769 3552; x_wconf 89' lang='lat' dir='ltr'>illa</span> <span class='ocrx_word' id='word_1_132' title='bbox 788 3477 974 3578; x_wconf 88' lang='lat' dir='ltr'>superari.</span> <span class='ocrx_word' id='word_1_133' title='bbox 991 3477 1043 3554; x_wconf 93' lang='lat' dir='ltr'>Id.</span> <span class='ocrx_word' id='word_1_134' title='bbox 1059 3502 1097 3555; x_wconf 92' lang='lat' dir='ltr'>n.</span> <span class='ocrx_word' id='word_1_135' title='bbox 1115 3501 1196 3553; x_wconf 90' lang='lat' dir='ltr'>esse</span> <span class='ocrx_word' id='word_1_136' title='bbox 1216 3473 1371 3554; x_wconf 77' lang='lat' dir='ltr'>minime</span> <span class='ocrx_word' id='word_1_137' title='bbox 1390 3479 1515 3578; x_wconf 88' lang='lat' dir='ltr'>potest</span> 
     </span>
     <span class='ocr_line' id='line_1_22' title="bbox 384 3602 1516 3706; baseline 0 -26"><span class='ocrx_word' id='word_1_138' title='bbox 384 3627 499 3706; x_wconf 89' lang='lat' dir='ltr'>quam</span> <span class='ocrx_word' id='word_1_139' title='bbox 519 3602 582 3679; x_wconf 87' lang='lat' dir='ltr'>vbi</span> <span class='ocrx_word' id='word_1_140' title='bbox 603 3607 779 3681; x_wconf 88' lang='lat' dir='ltr'>naturam</span> <span class='ocrx_word' id='word_1_141' title='bbox 800 3604 839 3681; x_wconf 94' lang='lat' dir='ltr'>in</span> <span class='ocrx_word' id='word_1_142' title='bbox 860 3605 1006 3682; x_wconf 89' lang='lat' dir='ltr'>actibus</span> <span class='ocrx_word' id='word_1_143' title='bbox 1026 3603 1305 3696; x_wconf 87' lang='lat' dir='ltr'>remotioribus,</span> <span class='ocrx_word' id='word_1_144' title='bbox 1333 3602 1516 3705; x_wconf 89' lang='lat' dir='ltr'>quasdam</span> 
     </span>
     <span class='ocr_line' id='line_1_23' title="bbox 383 3729 1515 3847; baseline -0.002 -40"><span class='ocrx_word' id='word_1_145' title='bbox 383 3731 551 3807; x_wconf 88' lang='lat' dir='ltr'>rationes</span> <span class='ocrx_word' id='word_1_146' title='bbox 570 3732 745 3823; x_wconf 89' lang='lat' dir='ltr'>maiores,</span> <span class='ocrx_word' id='word_1_147' title='bbox 762 3756 874 3834; x_wconf 85' lang='lat' dir='ltr'>quam</span> <span class='ocrx_word' id='word_1_148' title='bbox 895 3732 933 3808; x_wconf 92' lang='lat' dir='ltr'>in</span> <span class='ocrx_word' id='word_1_149' title='bbox 948 3756 1058 3834; x_wconf 84' lang='lat' dir='ltr'>mage</span> <span class='ocrx_word' id='word_1_150' title='bbox 1077 3731 1295 3834; x_wconf 90' lang='lat' dir='ltr'>propinquis</span> <span class='ocrx_word' id='word_1_151' title='bbox 1314 3729 1515 3847; x_wconf 69' lang='lat' dir='ltr'>ostendepe</span> 
     </span>
     <span class='ocr_line' id='line_1_24' title="bbox 387 3857 1515 3963; baseline 0.001 -30"><span class='ocrx_word' id='word_1_152' title='bbox 387 3857 707 3958; x_wconf 84' lang='lat' dir='ltr'>conspexerimus.</span> <span class='ocrx_word' id='word_1_153' title='bbox 740 3858 865 3960; x_wconf 86' lang='lat' dir='ltr'>ipsam</span> <span class='ocrx_word' id='word_1_154' title='bbox 904 3867 1128 3963; x_wconf 88' lang='lat' dir='ltr'>perpetuare</span> <span class='ocrx_word' id='word_1_155' title='bbox 1166 3860 1287 3937; x_wconf 85' lang='lat' dir='ltr'>fertur</span> <span class='ocrx_word' id='word_1_156' title='bbox 1314 3859 1355 3937; x_wconf 89' lang='lat' dir='ltr'>in</span> <span class='ocrx_word' id='word_1_157' title='bbox 1383 3857 1515 3934; x_wconf 91' lang='lat' dir='ltr'>eadem</span> 
     </span>
     <span class='ocr_line' id='line_1_25' title="bbox 384 3984 1516 4092; baseline 0.002 -32"><span class='ocrx_word' id='word_1_158' title='bbox 384 3984 507 4088; x_wconf 90' lang='lat' dir='ltr'>specie</span> <span class='ocrx_word' id='word_1_159' title='bbox 526 3984 687 4064; x_wconf 86' lang='lat' dir='ltr'>formam</span> <span class='ocrx_word' id='word_1_160' title='bbox 707 3986 1008 4082; x_wconf 86' lang='lat' dir='ltr'>substantialem,</span> <span class='ocrx_word' id='word_1_161' title='bbox 1036 4012 1150 4092; x_wconf 91' lang='lat' dir='ltr'>quam</span> <span class='ocrx_word' id='word_1_162' title='bbox 1169 4011 1245 4064; x_wconf 90' lang='lat' dir='ltr'>non</span> <span class='ocrx_word' id='word_1_163' title='bbox 1265 3984 1367 4063; x_wconf 91' lang='lat' dir='ltr'>valet</span> <span class='ocrx_word' id='word_1_164' title='bbox 1384 4009 1516 4062; x_wconf 91' lang='lat' dir='ltr'>secun·</span> 
     </span>
     <span class='ocr_line' id='line_1_26' title="bbox 384 4111 1515 4218; baseline 0.001 -30"><span class='ocrx_word' id='word_1_165' title='bbox 384 4111 476 4189; x_wconf 90' lang='lat' dir='ltr'>dum</span> <span class='ocrx_word' id='word_1_166' title='bbox 493 4136 694 4191; x_wconf 91' lang='lat' dir='ltr'>numerum</span> <span class='ocrx_word' id='word_1_167' title='bbox 714 4114 872 4192; x_wconf 88' lang='lat' dir='ltr'>eandem</span> <span class='ocrx_word' id='word_1_168' title='bbox 892 4119 1164 4218; x_wconf 86' lang='lat' dir='ltr'>perpetuasse:</span> <span class='ocrx_word' id='word_1_169' title='bbox 1191 4112 1231 4190; x_wconf 90' lang='lat' dir='ltr'>in</span> <span class='ocrx_word' id='word_1_170' title='bbox 1259 4111 1395 4215; x_wconf 90' lang='lat' dir='ltr'>quibus</span> <span class='ocrx_word' id='word_1_171' title='bbox 1421 4111 1515 4189; x_wconf 90' lang='lat' dir='ltr'>artis</span> 
     </span>
     <span class='ocr_line' id='line_1_27' title="bbox 383 4238 1516 4346; baseline 0.005 -30"><span class='ocrx_word' id='word_1_172' title='bbox 383 4238 546 4317; x_wconf 85' lang='lat' dir='ltr'>facultas</span> <span class='ocrx_word' id='word_1_173' title='bbox 561 4266 635 4319; x_wconf 91' lang='lat' dir='ltr'>non</span> <span class='ocrx_word' id='word_1_174' title='bbox 654 4241 885 4319; x_wconf 89' lang='lat' dir='ltr'>extenditur.</span> <span class='ocrx_word' id='word_1_175' title='bbox 896 4240 1035 4321; x_wconf 87' lang='lat' dir='ltr'>Forma</span> <span class='ocrx_word' id='word_1_176' title='bbox 1053 4268 1144 4322; x_wconf 87' lang='lat' dir='ltr'>vero</span> <span class='ocrx_word' id='word_1_177' title='bbox 1162 4243 1392 4338; x_wconf 81' lang='lat' dir='ltr'>extrinseca,</span> <span class='ocrx_word' id='word_1_178' title='bbox 1400 4246 1516 4346; x_wconf 89' lang='lat' dir='ltr'>atque</span> 
     </span>
     <span class='ocr_line' id='line_1_28' title="bbox 384 4366 1518 4476; baseline 0.003 -30"><span class='ocrx_word' id='word_1_179' title='bbox 384 4366 510 4472; x_wconf 87' lang='lat' dir='ltr'>figura</span> <span class='ocrx_word' id='word_1_180' title='bbox 529 4369 740 4450; x_wconf 87' lang='lat' dir='ltr'>inuentoris</span> <span class='ocrx_word' id='word_1_181' title='bbox 759 4369 878 4449; x_wconf 87' lang='lat' dir='ltr'>clauis</span> <span class='ocrx_word' id='word_1_182' title='bbox 895 4394 1058 4476; x_wconf 85' lang='lat' dir='ltr'>magnee3</span> <span class='ocrx_word' id='word_1_183' title='bbox 1077 4396 1144 4476; x_wconf 91' lang='lat' dir='ltr'>per</span> <span class='ocrx_word' id='word_1_184' title='bbox 1162 4376 1285 4453; x_wconf 87' lang='lat' dir='ltr'>artem</span> <span class='ocrx_word' id='word_1_185' title='bbox 1303 4370 1398 4449; x_wconf 93' lang='lat' dir='ltr'>duro</span> <span class='ocrx_word' id='word_1_186' title='bbox 1417 4393 1518 4449; x_wconf 90' lang='lat' dir='ltr'>com·</span> 
     </span>
    </p>
   </div>
   <div class='ocr_carea' id='block_1_7' title="bbox 0 0 1682 5124">
    <p class='ocr_par' dir='ltr' id='par_1_7' title="bbox 0 0 1682 5124">
     <span class='ocr_line' id='line_1_29' title="bbox 0 0 1682 5124; baseline 0 0"><span class='ocrx_word' id='word_1_187' title='bbox 0 0 1682 5124; x_wconf 95' lang='lat' dir='ltr'> </span> 
     </span>
    </p>
   </div>
  </div>
 </body>
</html>
