3344 5124
780 336 939 397 ..oa-

161 578 163 582 .
284 486 362 560 tem
390 503 475 583 quae
504 479 623 559 estin
647 477 904 582 ponderibus,
923 475 1117 571 numeris,
1142 472 1183 555 dn
1202 473 1420 571 mensuris,

284 608 466 712 quidquid
484 607 535 685 sit
553 609 600 686 de
618 605 801 711 qualitate
825 604 1078 709 simplicium,
1098 603 1416 706 pharmacorum,
1478 609 1481 613 ’

285 733 325 815 da
344 735 506 814 aliorum
524 734 795 828 confectorum3
816 730 857 811 da
875 732 1028 819 idcirco,
1047 736 1091 810 vt
1119 732 1308 826 existimo,
1328 730 1415 834 qui·

281 866 368 944 dam
387 890 436 944 ex
464 863 575 942 eisin
595 888 665 941 sua
684 860 823 964 insigni
842 864 1018 939 notatum
1044 860 1208 938 babebat
1225 861 1264 937 in
1284 863 1418 938 nostra

279 993 416 1097 patria.
437 1017 512 1074 non
529 1015 710 1081 ornamus
724 1013 792 1068 sno
809 1015 1029 1077 ovanrrrns.
1050 989 1236 1093 quamuis
1256 1014 1294 1066 n.
1314 1013 1409 1067 con-

281 1126 401 1199 staret
418 1145 507 1202 eum
525 1120 608 1200 haec
627 1119 801 1199 retulisse
819 1121 866 1198 ad
886 1142 1044 1223 porcum
1064 1118 1255 1221 depictum
1273 1118 1319 1195 de
1337 1141 1411 1220 quo

281 1271 358 1327 non
379 1249 567 1352 quaeritur
587 1248 684 1326 siout
701 1248 748 1325 de
763 1272 872 1350 equo,
887 1271 934 1325 an
950 1246 1155 1325 concinnos
1174 1244 1313 1323 habeat
1326 1270 1414 1324 ocu·

283 1376 353 1470 los,
368 1402 509 1480 parvas
530 1375 735 1469 auriculas,
750 1379 984 1454 contractam
1000 1373 1200 1468 ceruicem,
1216 1371 1337 1451 latum
1351 1397 1415 1475 pe·

282 1510 378 1596 ctus,
399 1502 586 1582 minacem
605 1501 782 1595 frontem,
801 1525 843 1578 os
858 1504 1066 1591 arrectum,
1085 1525 1198 1579 crura
1217 1499 1353 1589 soluta,
1373 1496 1413 1578 da

281 1631 319 1709 id
338 1656 459 1736 genus
478 1631 564 1726 alia,
584 1630 648 1708 sed
668 1630 856 1708 duntaxat
883 1654 931 1706 an
951 1631 1002 1708 sit
1020 1629 1119 1708 latus
1138 1631 1277 1735 longus
1295 1635 1410 1734 atque

278 1758 444 1862 pinguis,
470 1757 508 1836 id
536 1764 662 1835 tamen
691 1780 766 1834 non
794 1756 919 1834 minus
948 1759 1221 1838 conuenienter
1248 1759 1408 1837 subinde

277 1891 430 1989 poterat
447 1889 471 1965 ai
487 1911 602 1990 porco
621 1886 669 1963 ad
688 1885 725 1962 id
744 1887 844 1990 quod
863 1892 946 1965 erat
965 1888 1066 1966 intus
1089 1888 1126 1966 in
1146 1888 1333 1989 apotheca
1350 1912 1405 1966 re·

278 2014 381 2094 ferri.
400 2014 485 2094 Non
503 2038 681 2100 ovunirns
709 2037 776 2091 sno
799 2038 1018 2111 arausicae,
1038 2017 1169 2121 utpote
1187 2015 1250 2120 pia
1269 2019 1404 2112 mater,

279 2167 364 2247 quae
383 2144 533 2223 dotauit
551 2144 648 2222 filias
667 2139 708 2222 da
726 2144 939 2224 doctorauit
957 2144 1089 2223 filium.

798 2403 885 2483 XII.

327 2654 520 2734 Adunatio
540 2680 631 2734 uero
660 2653 700 2734 dr
717 2657 945 2752 immutatio,
964 2659 1054 2739 licet
1077 2659 1155 2737 sint
1173 2658 1247 2737 duo
1266 2662 1402 2736 actus:

273 2781 386 2860 simul
404 2789 531 2861 tamen
552 2783 661 2862 fiunt.
681 2783 921 2875 Immutando
951 2785 1053 2864 enim
1080 2788 1124 2865 fit
1142 2785 1319 2864 adunatio
1336 2810 1346 2878 ;
1365 2810 1405 2861 a·

276 2907 452 2985 donando
468 2908 511 2986 fit
529 2908 754 2987 immutatio,
769 2909 915 2988 Horum
931 2911 1117 2989 rationem
1132 2912 1187 2989 ita
1200 2911 1403 3014 aperimus.

273 3032 381 3112 Dixit
399 3035 627 3130 Heraclitus,
646 3036 676 3113 si
696 3038 823 3115 omnia
841 3040 942 3118 entia
961 3039 1086 3118 sumus
1107 3039 1243 3118 fierent
1260 3065 1269 3116 :
1289 3063 1400 3115 nares

274 3161 401 3239 omnia
415 3163 685 3241 discernerent.
706 3164 884 3244 Dicamus
904 3168 1081 3245 crassius.
1101 3166 1141 3244 Si
1161 3167 1288 3244 omnia
1306 3191 1401 3269 prae·

273 3298 331 3368 ter
345 3289 507 3393 Vulpem
527 3293 565 3368 iu
585 3294 813 3395 gallinaceos
833 3303 1146 3374 conuerterantur
1166 3295 1308 3373 frustra
1323 3318 1396 3374 non

271 3413 433 3490 esuriret
461 3413 607 3517 vulpes,
627 3419 753 3495 omnia
772 3443 849 3520 per
870 3418 1019 3522 vulpem
1049 3424 1175 3496 essent
1200 3417 1398 3497 vocabilia.

268 3538 324 3616 De
342 3540 558 3643 potentibus
578 3546 704 3621 omnia
722 3571 790 3623 suo
809 3547 920 3625 modo
944 3554 1181 3641 conuertere,
1201 3570 1320 3624 vnum
1339 3553 1398 3624 est

269 3666 430 3745 hominis
451 3667 661 3769 phantasia:
677 3673 721 3748 de
741 3675 956 3774 potentibus
971 3677 1099 3754 omnia
1118 3702 1188 3754 suo
1208 3676 1318 3755 modo
1334 3700 1397 3752 vo·

269 3819 369 3888 rare,
388 3790 428 3874 dr
448 3796 649 3900 degustare
668 3823 787 3877 vnum
808 3808 865 3877 est
884 3801 1047 3882 hominis
1067 3805 1287 3909 cogitatiua.
1304 3805 1398 3883 Tale

265 3925 526 4003 conuersionis
545 3952 664 4028 genus
682 3931 820 4030 poterit
839 3933 1028 4034 attingere
1047 3931 1139 4038 (uon
1157 3934 1237 4011 sine
1256 3933 1397 4036 cogita·

265 4049 378 4129 tionis
397 4052 503 4156 actu)
522 4054 744 4156 phantasia3
776 4063 817 4136 vt
837 4061 964 4136 omnia
988 4061 1246 4139 memorabilia
1266 4068 1395 4163 poten·

267 4183 328 4256 ter
347 4180 480 4257 reddat
498 4206 572 4259 uon
593 4185 734 4288 absque
754 4189 966 4292 phantasiae
997 4196 1083 4269 actu
1105 4191 1324 4295 cogitatiua.
1345 4194 1396 4270 At

267 4306 415 4409 inquies
444 4310 632 4410 oportebit
659 4314 900 4415 phantasiam
928 4325 1148 4398 conuertere
1178 4322 1305 4400 omnia
1329 4329 1395 4399 aut
