3344 5124
849 376 990 437 ..8-

356 525 476 587 autem
499 517 621 605 fattaa
643 520 772 587 suadet
798 523 945 588 moueri.
969 521 1036 591 Hic
1061 525 1169 590 terrae
1196 523 1361 608 pirantis
1384 527 1488 608 parti

353 651 436 718 truie
473 651 647 736 ecepositee
676 651 820 719 oritur:
852 653 981 720 occidit
1009 653 1118 719 simut
1148 653 1256 720 aliter
1289 654 1481 739 dispositae.

351 779 448 847 Idem
464 779 586 847 orizon
592 781 642 846 tes
656 797 743 865 quos
757 780 882 847 dicunt
895 782 1047 848 arcticos
1068 799 1135 866 per
1156 780 1380 865 differentias
1397 782 1483 848 deo·

351 908 406 974 tri
425 910 532 992 atque
554 906 696 974 sinistri
717 913 935 992 apparenter
956 908 1109 976 circuit:
1132 909 1217 976 otiis
1247 927 1329 976 oero
1357 911 1481 977 muttis

347 1052 546 1122 supernum
576 1042 681 1122 atque
710 1036 898 1122 infernum
924 1038 1150 1121 perlustrare
1172 1038 1320 1105 uidetur
1340 1056 1479 1106 arcum.

349 1168 415 1236 Hic
441 1173 550 1236 terrae
571 1171 635 1237 sui
654 1170 830 1237 circuitus
852 1170 969 1237 altum
993 1167 1140 1236 babenti
1162 1170 1280 1237 maior
1309 1175 1478 1255 apparet:

348 1303 461 1367 imum
492 1318 575 1368 oero
599 1300 735 1368 tenenti
754 1301 908 1385 (utpote
931 1296 975 1367 ab
998 1299 1119 1367 eodem
1140 1301 1257 1386 mopis
1278 1302 1480 1388 etonpatee)

348 1433 477 1500 minor.
500 1433 544 1499 In
568 1432 654 1500 attis
668 1432 925 1498 emicircuitum
937 1432 1164 1517 portionibus
1189 1434 1316 1510 tardt‚·
1339 1433 1378 1500 in
1394 1434 1480 1501 otiis

348 1579 433 1628 vero
453 1560 616 1628 oetociter
637 1559 858 1628 absentatur.
882 1560 948 1626 liic
964 1565 1071 1626 terrae
1096 1561 1321 1629 incumbenti
1340 1561 1381 1628 in
1396 1563 1476 1629 Au-

346 1698 465 1759 strum
488 1691 698 1758 Boreatior:
713 1691 752 1756 in
776 1690 929 1757 Boream
947 1707 1029 1757 vero
1043 1690 1256 1775 properanti
1268 1691 1478 1759 Austratior

347 1823 509 1908 efficitur.
534 1821 684 1889 Rectum
707 1819 919 1891 habentibus
940 1820 1129 1898 Orizonta‚
1152 1820 1191 1887 in
1218 1822 1338 1890 tames
1359 1841 1477 1908 aqua·

346 1956 398 2021 tes
429 1952 514 2019 binc
534 1951 619 2017 incte
643 1951 870 2018 latitudinem
893 1953 1038 2037 recepit;
1062 1951 1220 2037 obliquiu
1243 1971 1326 2020 vero
1350 1958 1475 2021 tenen·

347 2082 442 2153 tibus
463 2084 503 2149 in
527 2079 681 2167 iniquas.
703 2081 803 2148 Idem
833 2083 931 2147 intra
955 2082 1045 2148 duos
1076 2083 1181 2149 motis
1216 2081 1323 2149 istim
1345 2084 1477 2150 medios

343 2215 536 2303 parattetos
557 2212 718 2299 spacium
736 2212 971 2279 incolentibus
979 2216 1151 2298 perpetuo
1168 2218 1477 2282 commensuratas

345 2345 417 2414 luci
445 2341 610 2409 tenebras
633 2341 783 2410 tribuit:
813 2340 954 2408 caeteris
983 2328 1104 2407 autem
1135 2346 1289 2424 tempore
1318 2342 1474 2428 definito.

343 2475 422 2562 Ipsi
433 2475 468 2543 si
482 2473 574 2541 diua
592 2475 698 2542 tettus
712 2492 779 2541 suo
795 2493 860 2541 nos
871 2476 976 2541 dorso
989 2475 1187 2550 enutriens,
1202 2477 1367 2543 nostrum
1378 2479 1476 2564 fron·

343 2610 412 2673 tens
433 2604 598 2682 obiiciat,
621 2604 781 2689 obtiquos
803 2605 882 2671 eius
905 2603 1030 2671 radios
1053 2602 1155 2671 nobis
1179 2602 1405 2689 impetrabit:
1428 2608 1473 2673 iis

341 2737 462 2801 autem
484 2738 601 2801 rectos
623 2752 778 2820 quorum
800 2733 930 2819 capitis
959 2733 1126 2799 verticem
1155 2735 1392 2823 supposuerit.
1416 2734 1476 2801 Aet

340 2866 459 2950 ipsum
482 2883 617 2950 auoque
640 2864 805 2949 quadam
835 2863 980 2930 admoto
1005 2861 1136 2928 mundi
1159 2879 1332 2946 corpora,
1362 2865 1471 2948 (auec

340 2996 449 3064 matti
471 2997 678 3083 intettipunt
698 3014 773 3064 esse
794 2994 974 3063 animatia
996 2994 1147 3079 deosque
1180 2993 1246 3062 sub
1268 3011 1338 3061 ano
1357 2995 1467 3081 prin·

340 3127 419 3213 cipe
446 3128 635 3201 secundos)
658 3127 769 3212 ipsius
800 3124 845 3193 ab
867 3141 960 3210 cuce
982 3120 1040 3188 oet
1061 3119 1190 3206 apopio
1213 3121 1323 3205 (quod
1346 3121 1470 3206 appet-

339 3258 433 3340 lant)
451 3259 570 3325 tumen
585 3260 816 3342 conceptont,·
839 3255 976 3323 caeteris
992 3248 1200 3321 nubentibus
1216 3249 1334 3335 ipsum
1352 3250 1392 3315 in
1408 3269 1470 3337 op·

335 3389 466 3474 posito,
491 3388 547 3456 oet
568 3386 693 3455 undiis
716 3390 770 3481 (ot
791 3385 934 3464 uocant)
960 3381 1210 3451 latitudinibus
1233 3380 1265 3447 a
1287 3382 1466 3450 interuol-

339 3515 396 3583 tis.
418 3516 588 3585 Eiusdem
612 3518 723 3585 totius
745 3518 836 3584 tuna
850 3522 976 3601 (quam
991 3514 1104 3581 otiam
1119 3511 1328 3599 intettipunt
1345 3513 1469 3599 pbilo-

335 3646 530 3733 sophorum
542 3647 694 3732 pturimi
707 3664 784 3713 esse
801 3645 953 3728 terram)
970 3646 1009 3712 in
1030 3662 1095 3712 suo
1115 3643 1163 3713 ad
1178 3643 1283 3711 ittam
1296 3662 1470 3712 conuerso

339 3776 589 3862 bemispbeerio
619 3776 773 3845 liberum
803 3776 1022 3863 concipiente
1056 3777 1175 3843 tumen
1191 3797 1204 3841 .·
1249 3774 1324 3841 bac
1362 3774 1467 3842 ittius

333 3904 434 3992 ptobi
455 3905 728 3991 interpositione
759 3907 876 3975 tristis
905 3906 1107 3975 umbratam
1137 3903 1359 3972 adeuntem
1382 3921 1467 3971 con·

336 4056 493 4115 uersam,
510 4055 641 4106 auerso
657 4037 910 4124 bemispboerio
926 4038 1022 4103 tunee
1045 4037 1306 4104 commonstrat
1326 4032 1468 4119 faciem.

342 4166 440 4234 Vnus
473 4186 559 4254 erpo
592 4166 755 4254 winone
783 4170 959 4253 perpetuo
994 4165 1057 4235 Sot
1082 4181 1326 4249 perseuerans
1360 4169 1468 4248 atque

334 4315 501 4377 manens,
523 4298 607 4367 aaa
629 4303 735 4383 atque
749 4298 857 4377 atiis;
879 4297 989 4365 aliter
1003 4301 1113 4381 atque
1134 4296 1244 4365 alitor
1259 4295 1467 4381 dispositum
