3344 5124
832 361 992 422 ..22-

346 532 533 590 emanare.
562 508 648 610 Ipsa
674 513 732 586 est
759 506 922 608 primum
945 505 1154 584 subiectum
1173 502 1271 607 quod
1290 498 1331 581 a
1349 503 1475 580 mate·

348 637 444 715 riam
468 635 658 739 appellant
675 634 809 739 phisici
836 636 978 712 nostri:
1007 635 1098 712 Eius
1127 631 1253 710 omnia
1280 629 1480 734 participia

349 792 434 845 cum
454 790 587 870 puram
602 789 678 843 non
694 763 879 865 recipiant
893 761 1029 841 lucem:
1040 765 1110 840 sub
1130 761 1265 839 umbra
1282 758 1378 838 lucis
1398 783 1479 836 esse

351 892 391 975 <tr
410 893 559 997 operari
577 893 765 972 dicuntur.

704 1169 872 1224 INTEN'I'IO
900 1170 1062 1232 QVARTA·
1091 1172 1127 1224 Ι).

402 1404 687 1506 Consequentur
698 1410 736 1482 te
747 1429 822 1483 non
834 1408 1036 1506 praetereat
1051 1405 1149 1507 quod
1165 1429 1252 1483 cum
1262 1405 1396 1481 umbra
1416 1403 1481 1480 ha·

350 1536 437 1613 boat
455 1534 544 1635 quid
560 1533 606 1610 de
624 1531 719 1628 luce,
737 1531 777 1612 a
797 1534 885 1637 quid
904 1536 950 1613 de
965 1533 1300 1637 tenebrisDuplici
1317 1531 1479 1634 aliquem

349 1662 487 1740 accidit
505 1686 589 1739 esse
607 1662 677 1740 sub
697 1663 841 1740 umbra.
863 1662 1008 1740 Vmbra
1038 1662 1209 1739 videlicet
1238 1661 1479 1738 tenebrarum

350 1786 390 1867 lle
404 1785 464 1892 (vt
478 1786 601 1889 aiunt)
620 1789 762 1865 mortis:
779 1790 878 1891 quod
894 1796 951 1866 cst
969 1813 1055 1866 cum
1071 1788 1248 1891 potentiae
1267 1789 1479 1889 superlores

349 1920 620 2006 emarcescunt,
632 1913 672 1994 tle
687 1918 873 2012 colantur,
888 1921 956 1995 aut
969 1916 1213 1996 subseruiunt
1227 1915 1477 1993 inferioribus.

349 2044 545 2130 Quatenus
564 2046 710 2122 animus
730 2048 831 2122 circa
846 2047 964 2124 vitam
983 2050 1130 2124 tantum
1146 2044 1379 2147 corporalem
1399 2069 1481 2121 ver·

351 2179 470 2267 satur,
490 2179 601 2276 atque
629 2197 796 2252 sensum.
824 2174 876 2252 Et
895 2176 1028 2253 umbra
1056 2175 1163 2263 lucis,
1192 2175 1290 2277 quod
1319 2177 1376 2250 est
1395 2197 1482 2251 cum

352 2301 531 2406 potentiae
559 2301 754 2381 inferiores
773 2303 1027 2405 superioribus
1055 2302 1333 2405 adspirantibus
1362 2300 1401 2377 in
1429 2324 1483 2375 aa·

349 2420 460 2509 terna
479 2430 799 2534 eminentioraque
819 2432 966 2509 obiecta
985 2431 1256 2521 subiiciuntm,
1276 2435 1319 2506 vt
1346 2427 1483 2506 accidit

350 2558 390 2638 in
419 2557 523 2637 coelis
541 2560 708 2637 versanti
728 2562 790 2663 qui
810 2560 945 2664 spiritu
961 2562 1198 2640 irritamenta
1217 2558 1340 2638 carnis
1368 2555 1484 2635 incul-

351 2690 424 2764 cat.
444 2686 541 2765 Illud
560 2697 618 2765 est
638 2689 809 2767 vmbram
828 2691 1044 2769 incumbere
1062 2691 1100 2767 in
1118 2691 1316 2769 tenebras:
1334 2688 1408 2764 hoc
1427 2692 1484 2764 est

351 2812 523 2891 umbram
542 2813 759 2914 incumbere
772 2817 811 2894 in
826 2817 961 2895 lucem.
977 2818 1021 2896 In
1036 2817 1214 2897 Oriaonte
1225 2816 1374 2919 quidem
1389 2814 1483 2891 lucis

352 2935 662 3036 &tenebrarum
678 2942 731 3019 nil
742 2941 843 3021 aliud
855 2944 1063 3048 intelligere
1073 2969 1273 3048 possumus
1284 2967 1396 3046 quam
1406 2964 1484 3018 vm·

351 3065 471 3144 bram.
491 3066 642 3145 Haecin
662 3070 829 3149 orizonte
847 3072 937 3150 boni
957 3069 997 3150 8r
1016 3072 1118 3150 mali:
1135 3074 1215 3150 veri
1236 3068 1276 3149 ἂι
1291 3069 1388 3148 salsi.
1408 3067 1483 3144 Hic

353 3196 412 3269 est
424 3192 548 3297 ipsum
561 3196 660 3297 quod
679 3200 804 3300 potest
818 3200 1024 3295 boniticari,
1044 3199 1084 3282 ab
1103 3199 1320 3294 maleficam,
1340 3197 1483 3289 falsari,

354 3316 395 3400 ἃ
422 3321 582 3400 veritate
601 3323 767 3404 formari:
789 3329 961 3431 quodque
979 3329 1160 3408 istorsum
1177 3331 1333 3408 tendens
1352 3329 1421 3418 sub
1436 3327 1484 3406 is·

355 3450 446 3547 tius,
464 3450 636 3533 illorsum
650 3456 742 3533 vero
760 3457 830 3535 sub
850 3454 952 3535 illius
973 3458 1106 3536 umbra
1124 3483 1205 3536 esse
1229 3458 1378 3536 dicitur.

713 3735 886 3792 luuuumo
915 3737 1063 3800 QVINTA.
1092 3739 1127 3794 E.

409 3964 573 4044 Vmbras
601 3989 665 4045 eas
704 3969 743 4047 in
770 3968 963 4073 proposito
1000 3970 1165 4050 maxime
1201 3972 1483 4050 consideramus

355 4117 441 4197 quae
460 4098 549 4172 sunt
562 4094 810 4196 appetituum,
830 4093 870 4176 <tr
898 4099 1166 4203 cognoscitiuae
1194 4099 1384 4180 facultatis
1412 4102 1483 4178 ob·

356 4223 468 4316 iacta,
484 4222 553 4300 sub
564 4225 688 4326 specie
702 4225 783 4303 veri
797 4226 959 4332 bonique
973 4235 1166 4332 concepta,
1183 4253 1267 4332 quae
1279 4230 1419 4307 sensim
1438 4230 1484 4308 ab

357 4350 503 4432 unitate
517 4349 580 4428 illa
598 4354 953 4457 supersubstantiali
971 4347 1205 4448 decedentia,
1220 4383 1288 4462 per
1305 4383 1483 4440 crescen-
