3344 5124
821 352 982 415 ..82-

716 648 890 705 lN'I'IINTIO
918 648 1036 704 XVIIII.
1063 648 1099 701 Τ.

398 884 546 963 Maiora
566 881 776 962 intensione
795 879 890 958 lucis
910 875 1150 958 &densitate
1168 881 1359 982 corporis,
1388 907 1476 961 vrn-

345 1011 416 1087 bra
434 1010 686 1114 perspicacior
704 1005 877 1086 efficitur:
887 1006 1102 1109 expressior
1120 1004 1273 1107 inquam
1293 1005 1474 1096 redditur,

345 1140 460 1240 atque
480 1137 689 1230 formatior,
709 1136 806 1239 quod
828 1134 915 1213 inde
942 1139 1012 1228 est,
1037 1133 1124 1236 quia
1143 1133 1181 1211 in
1206 1133 1404 1229 densitate,
1434 1133 1474 1214 ds

342 1266 512 1360 raritate;
538 1267 790 1345 continuitate
810 1262 850 1343 dr
870 1263 1178 1342 discontinuitale
1197 1287 1334 1365 corpus
1353 1261 1476 1342 imita·

346 1399 423 1470 tur.
451 1395 504 1472 At
523 1419 613 1472 vero
632 1392 719 1473 talis
737 1391 900 1472 imitatio
921 1417 988 1495 per
1007 1415 1143 1493 corpus
1163 1389 1364 1493 detegitur.

739 1671 911 1729 INTENTIO
941 1673 1007 1727 XX·
1037 1675 1075 1725 V.

395 1904 541 1985 Vmbra
557 1912 700 1986 motum
719 1907 889 2011 corporis
903 1904 1016 1984 simul
1035 1903 1275 2008 persequitur
1289 1905 1401 2008 atque
1417 1901 1470 1980 lu·

337 2031 402 2110 cis.
422 2032 601 2112 Mouetnr
620 2033 782 2138 corpusl
803 2033 949 2112 Vmbra
966 2035 1154 2111 mouetur.
1170 2030 1348 2108 Moneiur
1374 2026 1467 2106 luat

336 2161 479 2241 Vmbra
495 2172 682 2243 mouetur.
698 2165 876 2243 Mouetur
890 2159 1110 2266 utrumquel
1122 2159 1267 2236 Vmbra
1280 2162 1465 2236 mouetur.

259 2314 262 2320 ·
335 2290 476 2370 Contra
496 2293 675 2397 physicas
689 2291 951 2373 obseruantias
966 2291 1065 2369 idem
1079 2289 1292 2368 subiectum
1307 2284 1468 2392 (subiec-

334 2425 417 2497 tum
434 2421 588 2523 inquam
604 2419 745 2526 motus)
759 2422 872 2501 simul
890 2421 1063 2513 diuersis,
1088 2417 1361 2520 contrariisque
1380 2417 1465 2495 sub·

333 2556 393 2624 est
407 2549 650 2627 motionibus.
667 2550 779 2636 Quid.
799 2549 843 2627 nt
862 2573 986 2627 nonne
996 2546 1211 2626 necessario
1225 2551 1371 2625 motum
1386 2569 1468 2622 cor·

335 2674 437 2775 poris
456 2676 504 2752 ad
523 2675 646 2753 lucem
674 2677 845 2779 sequitur
875 2675 1031 2753 umbrat
1060 2671 1100 2753 d
1128 2679 1273 2753 molum
1301 2672 1395 2751 lucis
1416 2672 1464 2750 ad

333 2827 472 2905 corpus
492 2805 662 2907 seqnitur
681 2806 831 2883 vmbral
851 2805 1035 2909 numquid
1055 2803 1215 2881 soluitur
1236 2804 1317 2880 haec
1338 2827 1464 2880 neces·

333 2931 427 3009 sitas
445 2935 644 3013 amborum
673 2960 862 3013 concursu
890 2959 977 3013 curn
1006 2933 1188 3037 oppositis
1208 2931 1462 3011 monebuntur

335 3057 554 3138 lotionibus?
574 3060 697 3138 Porrd
712 3061 869 3139 aduerte
885 3061 1199 3164 quemadmodum
1215 3059 1264 3137 ad
1277 3057 1372 3136 lucis
1388 3081 1464 3136 mo·

332 3192 414 3264 tum
430 3195 606 3266 mouetur
627 3191 760 3268 umbra
778 3191 883 3294 quasi
904 3190 1062 3293 lugiens3
1079 3191 1126 3267 ad
1145 3190 1313 3292 corporis
1333 3192 1461 3266 autern

330 3316 477 3389 motum
496 3312 605 3413 qnasi
621 3338 793 3416 sequens:
808 3316 993 3394 undenon
1009 3314 1160 3393 videtur
1175 3313 1359 3416 implicari
1375 3336 1460 3390 con·

329 3438 519 3533 uarietas,
540 3440 606 3518 sed
625 3443 894 3522 concordantia
914 3443 953 3521 in
973 3442 1064 3545 fuga
1082 3442 1206 3538 anina,
1226 3439 1266 3521 d
1285 3464 1462 3545 prosequ·

328 3564 431 3642 tione
445 3563 600 3644 alterins
616 3569 790 3672 opposui,
805 3576 919 3673 atque
939 3571 1132 3673 contrarij.
1149 3570 1340 3650 Caeterum
1359 3593 1455 3672 quo-

327 3691 438 3769 modo
458 3693 508 3769 sit
526 3693 566 3771 in
587 3694 682 3790 istis,
703 3693 743 3774 dc
763 3696 1095 3799 proportionaliter
1120 3697 1288 3776 maliis:
1317 3703 1362 3775 tu
1380 3696 1459 3800 ipse

327 3817 504 3923 perquire
523 3816 564 3899 di
582 3823 790 3902 considera:
810 3848 877 3927 per
896 3847 964 3902 nos
984 3824 1086 3904 enim
1107 3851 1167 3903 res
1182 3825 1380 3930 plusquam
1398 3829 1459 3901 sat

325 3950 384 4022 est
402 3945 573 4049 aperitur
591 3947 650 4044 iis,
670 3952 731 4052 qui
753 3951 792 4029 in
807 3950 890 4028 haec
904 3947 945 4028 dr
960 3951 1035 4029 alia
1053 3953 1223 4032 animum
1242 3953 1454 4031 aduertent.
