3344 5124
752 838 920 919 Boarsrs

553 1092 721 1172 PRIMA
749 1091 887 1173 PARS
913 1093 1121 1175 PRAXIS.

708 1341 800 1423 Car.
820 1345 848 1423 I.
877 1346 903 1447 5
931 1346 960 1425 1.

322 1606 416 1683 Anu.
438 1603 553 1684 Certe
571 1601 665 1681 nibil
684 1603 846 1707 amplius
866 1604 1130 1709 requirebatur
1156 1607 1204 1686 ad
1232 1607 1395 1711 praxim.

270 1728 364 1816 Quis
379 1755 456 1809 non
471 1731 575 1809 videt
593 1730 907 1835 quemadmodum
926 1731 1044 1835 ipsius
1064 1734 1194 1837 praxis
1215 1735 1311 1814 ratio
1326 1736 1396 1816 sub

269 1857 381 1936 titulo
401 1857 558 1936 theoriae
576 1857 758 1936 latissime
777 1855 1053 1937 continetur&
1072 1859 1295 1963 explicatur.

322 1986 417 2064 Bon.
439 1986 561 2066 Credo
580 1987 679 2066 hanc
698 1988 797 2066 tituli
826 1987 1109 2070 distinctionem
1129 1993 1253 2096 potius
1272 1995 1320 2073 ob
1339 2018 1398 2073 or·

270 2113 397 2191 dinem
424 2113 617 2207 doctrinae,
650 2116 763 2217 quem
792 2116 840 2193 ob
867 2115 982 2195 aliam
1010 2142 1166 2196 causam
1193 2120 1397 2198 adduxisse

234 2339 237 2342 Ι
267 2244 478 2322 authorem:
501 2242 574 2321 Sed
593 2244 681 2321 audi
701 2244 782 2323 haec
800 2245 977 2349 deinceps
996 2246 1251 2326 habebuntur.
1270 2247 1330 2324 Ex
1349 2247 1397 2324 iis

269 2373 370 2450 euim
399 2396 475 2449 non
504 2370 691 2449 modicum
720 2396 790 2475 pro
820 2371 1016 2476 vtriusque
1045 2374 1237 2452 memoriae
1275 2373 1398 2476 specie

268 2499 509 2579 releueberis.

324 2629 419 2705 Ana.
439 2628 615 2706 Audiam.

745 2892 911 2970 Boarsrs

538 3150 647 3232 PRO
677 3151 850 3232 REBVS
877 3148 1125 3230 PRAESEN·

759 3374 900 3430 ramula.

780 3612 806 3712 g
835 3610 881 3688 11.

323 3866 546 3954 <Quamuis
574 3868 633 3946 his
660 3852 755 3972 quae'
773 3892 887 3972 supra
914 3867 1029 3947 allata
1057 3871 1149 3947 sunt
1175 3864 1246 3943 sub
1275 3861 1389 3942 titulo

271 4026 290 4071 <
309 3996 465 4075 theoriae
483 3994 803 4077 sufficientissime
822 3997 939 4076 etiam
957 3997 981 4075 t
1000 3993 1250 4075 mediocribus
1278 3991 1390 4095 inge-

270 4157 288 4201 <
308 4124 382 4203 niis
409 4124 506 4202 ratio
534 4125 663 4228 praxis
683 4128 764 4203 tota
785 4125 903 4228 possit
922 4124 1050 4204 educi:
1071 4128 1202 4202 tamen
1220 4145 1288 4224 per
1308 4119 1390 4198 baec

267 4283 287 4328 «
306 4277 390 4357 quae
418 4275 508 4330 mox
530 4250 798 4332 subinferimus
817 4252 1011 4357 superiora
1030 4251 1322 4344 confirmamus,
1351 4242 1391 4326 dc

267 4410 287 4455 a
306 4380 562 4484 superioribus
580 4379 763 4461 addimus.
