3344 5124
807 386 849 419 ι’-
875 355 992 431 lll-

338 504 488 595 'sitionis
508 507 722 618 adaptetur.
750 511 903 617 Lycaon
932 513 969 590 in
990 512 1206 592 conuiuium
1233 513 1466 617 geminatum

338 647 404 723 tibi
427 645 607 723 reddebat
633 642 862 721 elementum
890 668 953 719 nx.
982 642 1071 719 dum
1100 669 1124 719 a
1152 647 1248 720 rotae
1274 640 1468 719 interioris

338 800 419 852 esse
439 774 509 852 sub
530 778 562 850 A
581 777 678 850 rotae
696 772 911 863 exterioris,
925 770 1015 848 item
1035 769 1245 849 Deucalion
1264 770 1304 847 in
1323 768 1466 871 lapides

337 925 397 981 ne.
417 902 498 980 iam
528 900 765 978 discurrente
791 904 878 976 rota
904 921 982 976 non
1010 898 1205 1001 geminum
1233 896 1299 976 sed
1327 896 1468 1000 duplex

337 1029 490 1108 babebis
510 1029 752 1108 elementum:
767 1026 910 1131 Nempe
929 1050 1017 1105 cum
1035 1052 1059 1106 n
1078 1032 1173 1106 rotae
1188 1024 1375 1106 interioris
1390 1049 1469 1104 mo·

337 1161 447 1237 uetur
465 1157 534 1237 sub
552 1181 579 1236 a
597 1160 693 1234 rotae
711 1153 938 1256 superioris:
957 1153 1037 1233 lam
1054 1179 1130 1234 non
1150 1154 1295 1233 esttibi
1313 1179 1364 1234 aa
1382 1151 1464 1257 Ly·

335 1310 434 1366 caon
452 1286 492 1363 in
511 1283 730 1364 conuiuium
748 1283 816 1361 sed
835 1282 987 1387 Lycaon
1006 1283 1045 1361 in
1074 1283 1217 1387 lapides
1245 1286 1467 1362 conuerten-

335 1415 414 1493 dos.
435 1411 698 1492 Deucalionis
718 1409 934 1516 Pythonem
948 1410 1254 1508 exanimandum,
1269 1408 1407 1514 Apollo
1425 1408 1466 1488 in

334 1542 472 1620 bouem
490 1538 779 1618 custodiendum
799 1533 839 1616 dc
858 1536 913 1616 ita
928 1536 1104 1641 deinceps
1123 1538 1263 1643 singuli
1277 1536 1466 1643 proximo·

337 1690 422 1747 rum
442 1667 599 1769 capiunt
625 1664 897 1767 operationem,
924 1666 1036 1744 nouis
1063 1664 1147 1744 aliis
1174 1665 1464 1746 succedentibus

335 1794 546 1872 elementis.
562 1792 634 1870 Vis
653 1815 745 1895 ergo
765 1792 1082 1872 combinationem
1101 1819 1151 1875 aa
1165 1791 1347 1873 refferrel
1365 1817 1466 1897 pone

333 1942 358 1994 a
378 1924 472 1993 rotae
491 1917 650 1993 internae
668 1914 738 1992 sub
756 1938 793 2008 r,
813 1922 907 1993 rotae
925 1921 1094 1996 externae
1109 1920 1378 2022 presentabant
1394 1918 1465 1998 tibi

337 2069 405 2148 per
432 2043 632 2122 Platonem
650 2043 690 2121 in
710 2045 943 2123 conuiuium.
964 2045 1034 2124 Vis
1054 2047 1372 2127 combinationem
1391 2047 1467 2126 aul

335 2193 468 2273 ponen
488 2176 581 2247 rotae
600 2171 791 2251 interioris
811 2173 881 2250 sub
901 2196 927 2249 a
946 2179 1041 2250 rotae
1060 2174 1260 2252 exterioris
1275 2181 1467 2279 presenta-

332 2297 437 2375 bitur
456 2297 523 2374 tibi
545 2322 610 2400 per
639 2299 858 2404 Neptunum
885 2301 926 2378 in
951 2300 1134 2406 Calyston
1164 2304 1466 2385 confodiendam.

334 2424 517 2503 Similiter
535 2426 765 2506 combinatio
784 2452 817 2505 si
836 2453 903 2531 per
921 2428 1117 2510 Palladem
1136 2431 1173 2509 in
1188 2433 1358 2513 Baccum
1378 2458 1468 2537 pue·

336 2576 432 2630 rum.
453 2575 501 2629 vo
516 2576 586 2656 per
600 2553 787 2632 Medaeam
802 2557 840 2635 in
856 2557 1126 2664 Proserpinam
1142 2562 1373 2665 rapiendam.
1390 2563 1466 2641 Ha·

333 2683 400 2756 bes
428 2677 545 2782 igitur
572 2681 760 2782 quomodo
788 2682 836 2760 ad
863 2687 1174 2788 compositionem
1201 2688 1363 2768 duorum
1384 2689 1465 2768 ele-

337 2809 554 2884 mentorum
574 2806 620 2883 ad
640 2832 791 2888 sensum
811 2815 1105 2915 presentandum
1118 2818 1358 2922 procedatur.

500 3070 551 3138 De
574 3079 669 3139 motu
693 3075 926 3143 internarum
948 3085 1114 3150 rotarum
1135 3086 1301 3154 secunde

556 3203 736 3303 fimare&
750 3211 999 3291 compositione
1021 3215 1180 3298 quotibet
1194 3234 1240 3284 ec

602 3330 718 3400 tribua
733 3334 918 3404 elementis
925 3344 1185 3424 presentandus.

864 3588 933 3669 ΙΙΙ.

386 3829 481 3908 Item
501 3830 539 3908 in
555 3831 719 3909 secunda
739 3832 863 3937 figura
876 3838 1021 3918 duabus
1036 3841 1196 3924 internis
1213 3848 1303 3927 rotis
1319 3851 1467 3929 adver·

331 3959 493 4062 tiginem
513 3960 703 4041 solutis&
723 3966 908 4068 expeditis
928 3974 1179 4075 compositum
1198 3979 1463 4086 quodcumque

334 4111 382 4164 ex
402 4089 524 4167 tribus
553 4090 749 4170 elementis
778 4103 998 4196 presentare
1018 4102 1183 4201 valebis;
1209 4107 1262 4186 ita
1281 4115 1325 4187 vt
1343 4109 1405 4188 vbi
1424 4111 1464 4189 in

334 4215 457 4293 tribus
477 4217 571 4294 rotis
600 4218 698 4297 fixis.
727 4220 850 4325 Lycas
868 4227 907 4304 in
927 4231 1104 4311 conuiuio
1128 4236 1355 4318 cathenatus
1375 4265 1464 4343 prs·

331 4345 507 4423 sentabat
536 4345 606 4424 tibi
633 4373 722 4428 aaa.
750 4349 832 4433 Iam
858 4354 983 4461 Lycas
1010 4384 1127 4465 agens
1155 4366 1255 4469 quod
1282 4366 1463 4466 Medusa,
