3344 5124
834 351 996 414 ..26-

350 492 577 610 intellectus,
588 538 654 592 seu
671 511 767 589 ratio
783 530 1008 612 cognoscere
1024 503 1149 584 omnia
1164 530 1213 582 ex
1227 506 1412 583 omnibus.
1425 500 1481 579 Si·

350 648 416 724 cut
434 645 587 747 inquam
603 639 900 718 materialormis
912 639 1086 716 omnibus
1101 637 1326 715 informatur
1341 664 1390 716 ex
1406 664 1482 717 om·

348 774 471 859 nibus,
491 769 531 850 de
560 770 734 874 passiuus
759 767 900 871 (quem
920 766 1089 870 vocant)
1117 767 1330 845 intellectus
1348 767 1480 847 formis

348 902 522 979 omuibus
538 898 732 977 informari
750 902 874 999 potest
889 922 937 974 ex
955 896 1144 974 omnibus:
1157 894 1197 975 dr
1211 897 1395 975 memoria
1407 921 1481 974 me·

346 1029 592 1108 morabilibus
622 1030 809 1128 omnibus¹
825 1051 873 1105 ex
902 1028 1089 1105 omnibus.
1120 1026 1208 1129 quia
1228 1050 1339 1103 omne
1358 1025 1480 1103 simile

347 1157 460 1238 simili
482 1159 536 1252 fit,
557 1183 669 1236 omne
688 1157 809 1236 simile
829 1156 940 1234 simili
962 1156 1220 1258 cognoscitur,
1241 1179 1350 1233 omne
1368 1155 1477 1233 simi-

347 1286 383 1365 le
411 1288 524 1366 simili
546 1288 774 1366 continetur.
808 1288 929 1366 Porro
948 1287 1070 1364 simile
1091 1290 1279 1364 remotum
1300 1283 1348 1361 ad
1367 1309 1478 1365 suum

347 1418 505 1506 distans,
525 1414 729 1519 persimile
758 1416 922 1494 medium
938 1415 1082 1519 sibique
1111 1417 1326 1518 proximum
1344 1417 1477 1494 tendit.

401 1547 501 1625 Hinc
519 1547 649 1623 herbae
670 1544 791 1622 forma
810 1545 972 1648 spoliata
992 1547 1165 1638 materia,
1193 1571 1268 1623 non
1290 1547 1481 1624 immedia-

347 1678 385 1755 te
413 1677 573 1756 formam
593 1676 762 1754 induitur
779 1674 952 1752 animalis
971 1675 1092 1769 istius,
1113 1676 1177 1753 sed
1207 1676 1336 1754 formis
1366 1677 1479 1774 Chili,

347 1804 554 1908 sanguinis,
565 1801 605 1882 dc
619 1803 773 1881 seminis
790 1801 1051 1882 mediantibus.
1063 1802 1162 1881 Hinc
1173 1806 1236 1907 qui
1252 1808 1402 1884 nouerit
1416 1833 1480 1912 ap·

347 1941 388 2012 ta
411 1940 679 2012 extraemorum
708 1931 843 2009 media:
873 1927 912 2010 da
940 1930 1224 2010 naturaliter&
1245 1934 1479 2015 rationaliter

347 2063 474 2140 omnia
489 2059 628 2163 poterit
647 2084 695 2137 ex
714 2060 887 2139 omuibus
902 2058 1049 2153 elicere.

704 2343 877 2399 INTENTIO
900 2343 1050 2401 nucius.
1079 2347 1118 2400 K.

402 2578 608 2658 Coeterum.
625 2577 916 2658 Similitudiuem
936 2578 1039 2659 illam
1060 2608 1144 2685 quae
1161 2607 1246 2661 cum
1262 2584 1481 2687 aequalitate

350 2706 480 2801 currit;
493 2702 533 2783 dc
544 2704 792 2784 uniformitati
804 2705 933 2808 (quam
945 2708 1254 2811 aequiparantiam
1271 2710 1480 2817 appellant)

350 2838 547 2911 consonat:
566 2834 605 2911 in
626 2834 818 2936 proposito
838 2860 949 2912 sensu
969 2834 1085 2914 alium
1106 2840 1379 2940 operationum,
1398 2841 1481 2918 siue

349 2961 397 3038 ad
416 2961 597 3056 internos,
619 2961 700 3038 siue
718 2961 764 3038 ad
784 2966 965 3040 externos
985 2963 1201 3044 referantur
1220 2991 1368 3060 seusus,
1389 2969 1480 3047 inu·

349 3088 453 3168 tilem
469 3086 510 3168 dr
528 3090 627 3168 male
646 3087 852 3168 officiosam
867 3091 1016 3170 habeto.
1038 3092 1100 3170 Fit
1114 3094 1215 3174 enim
1229 3103 1274 3173 vt
1288 3095 1402 3174 simili
1421 3122 1480 3175 ca·

350 3217 495 3296 liditate
510 3215 687 3296 affectum
706 3242 776 3296 uec
796 3218 969 3314 similem,
990 3245 1060 3300 nec
1080 3221 1177 3300 iufra
1196 3223 1296 3302 illius
1308 3224 1480 3304 similitu·

351 3348 448 3426 dinis
468 3349 609 3453 gradus
628 3351 897 3427 consistentem
917 3352 1068 3429 sentiat:
1090 3352 1156 3429 sed
1183 3377 1268 3430 eam
1292 3378 1378 3457 quae
1406 3356 1482 3434 exi-

350 3479 513 3553 stentem
546 3474 586 3552 in
613 3475 794 3596 sensitiuo
818 3475 987 3555 subiecto
1016 3477 1178 3557 excellit.
1198 3479 1299 3557 Hinc
1328 3484 1478 3585 qualem

353 3602 525 3706 redigere
545 3601 582 3678 iu
600 3603 748 3703 praxim
767 3603 905 3682 debeas
933 3604 1217 3685 similitudinem
1247 3608 1483 3709 praeuidel0,

350 3758 398 3810 ue
419 3755 504 3835 quae
522 3729 595 3807 sita
613 3731 660 3807 ab
689 3730 836 3835 adeptis
854 3732 1056 3836 quominus
1084 3735 1232 3837 ingredi
1253 3737 1398 3838 possint
1427 3762 1482 3813 re·

353 3861 553 3967 pellantur.
